2942 4875
159 532 221 604 ms
405 526 953 596 Tneornnssrvs

160 701 308 793 ceptoris
326 700 396 766 vitu
417 696 572 763 defuncti
589 700 706 766 locum
724 700 760 765 in
774 701 890 787 Lyceo
902 722 940 765 cs
967 708 1113 776 esseret,
1133 687 1213 788 leu-

159 802 197 856 to
224 791 345 877 plausu
367 789 486 853 docuit
501 785 668 867 Athenis,
690 799 728 852 ut
750 788 803 853 bis
825 788 922 853 mille
965 787 1126 875 'scipulos
1147 788 1214 850 hs·

159 879 275 942 buisse
295 888 508 940 memoretur
518 872 668 962 Diogeni
679 875 819 939 Laertio
835 875 878 939 V.
892 876 962 963 37„
985 876 1097 960 iisque
1113 894 1212 937 carus

162 975 198 1030 et
216 972 372 1048 scceptus
389 960 453 1025 fuit
471 958 757 1036 Atheniensibus,
780 972 833 1039 ut,
857 983 964 1047 quum
984 984 1094 1025 amics
1131 960 1213 1025 uin·

186 1074 229 1116 ue
244 1049 380 1112 circiter
396 1057 430 1111 et
447 1051 630 1134 octogiuta
647 1058 747 1115 nutus
763 1046 957 1114 decessisset
970 1045 1077 1133 (01.0
1155 1044 1214 1113 ltt.

162 1076 195 1206 ἕ.
207 1161 236 1201 n.
248 1135 311 1203 Ch.
324 1134 409 1221 285.)
432 1125 544 1198 omriis
565 1134 637 1201 fere
656 1135 806 1223 populus
830 1134 870 1199 ed
896 1133 1095 1223 philosophi
1112 1155 1214 1196 exse-

164 1226 259 1312 quiss
280 1222 552 1286 cohonestnnrlns
570 1227 778 1287 conveniret.
793 1264 837 1278 -
866 1223 1100 1308 Scriptorum,
1122 1242 1212 1306 quo·

161 1333 243 1378 rum
267 1329 428 1395 magnum
454 1310 594 1391 reliquit
613 1329 814 1386 numerum,
844 1309 996 1397 plurimu
1017 1329 1112 1396 psrs,
1134 1305 1213 1393 phi·

161 1396 336 1483 losophici
356 1416 394 1458 nc
417 1394 572 1471 historici
599 1397 771 1484 imprimis
791 1397 985 1481 ergumenti
1013 1404 1047 1458 et
1074 1394 1214 1479 elegen-

162 1486 263 1549 tioris
289 1482 462 1547 doctrinae
494 1480 572 1562 ills,
603 1484 767 1569 temporis
796 1483 924 1549 iniuris
956 1481 1214 1547 interciderunt.

180 1570 224 1637 V.
238 1569 278 1633 de
304 1567 493 1638 ecditorum
506 1589 647 1634 censum
659 1571 749 1658 spnd
766 1571 790 1635 F
792 1572 961 1635 ebricium
974 1569 1107 1633 Harles.
1121 1568 1160 1631 B.
1170 1567 1214 1631 G.

162 1575 320 1724 botlll.
344 1677 377 1745 p.
388 1658 546 1742 445sqq.)
579 1659 617 1721 lu
636 1656 689 1722 bis
711 1658 863 1722 maxime
883 1657 1121 1721 desiderantur
1142 1658 1214 1718 eius

162 1742 350 1824 Horrescet,
372 1743 457 1808 tisri
476 1744 609 1809 tresde
632 1744 943 1834 Legumlntoribus
961 1746 1048 1846 (stipi
1064 1743 1216 1826 νομοθε-

128 1893 134 1898 .
162 1834 265 1916 τῶν),
303 1839 337 1893 et
364 1830 496 1918 viginti
524 1842 677 1918 quotuor
702 1830 745 1894 cie
769 1828 929 1919 Legibus
959 1831 1103 1918 (stupor
1127 1824 1214 1893 κατὰ

165 1919 331 2005 στοιχεῖον
351 1915 432 2000 sd),
463 1918 557 2001 quod
605 1915 719 1981 uidem
742 1939 829 2005 opus
849 1919 1002 2004 respexit
1031 1917 1213 1979 Cicereio

164 2006 244 2071 loco
265 2023 368 2089 supra
392 2003 494 2065 citato
516 2003 586 2091 (De
625 2003 672 2067 in.
685 2003 730 2067 V.
743 2012 802 2089 t.):
825 2000 1108 2151 „Omniumbfere
1129 2000 1218 2065 civi-

165 2102 300 2167 tatum,
321 2112 393 2154 non
420 2090 591 2155 Graeciae
612 2101 767 2170 inritum,
798 2091 861 2154 sed
878 2092 984 2154 etium
1042 2087 1217 2162 arborius,

164 2178 209 2244 ab
232 2174 421 2241 Aristotele
440 2179 569 2254 mores,
591 2178 774 2252 instituta,
798 2176 887 2242 disci
912 2178 1021 2252 Heus,
1051 2199 1073 2238 n
1101 2172 1216 2238 Theo·

162 2265 311 2353 pbrnsto
332 2262 425 2350 leges
447 2263 557 2327 etium
578 2264 835 2350 cognovimus.“
914 2264 1024 2326 ibrum
1043 2261 1114 2325 eins
1134 2257 1217 2324 rhe-

163 2350 314 2414 toricum
333 2351 410 2436 περὶ
434 2347 550 2430 λέξεως
569 2347 687 2412 lcudst
707 2347 896 2440 Dionysius
913 2347 1027 2413 Helie.
1046 2347 1101 2413 De
1119 2367 1219 2410 com-

194 2460 242 2503 os.
264 2431 461 2503 verborum.
480 2461 513 2524 p.
527 2455 589 2500 nis
604 2434 741 2502 Schnef.
758 2448 792 2501 ct
812 2436 1006 2503 Demetrius
1022 2433 1062 2501 de
1079 2433 1216 2502 Elocut

164 2460 280 2616 {0175-
313 2519 478 2586 Ceterum
498 2520 735 2611 Theophrasti
757 2525 861 2589 libros
879 2530 917 2588 in
935 2521 1096 2588 ordinem
1117 2521 1218 2586 rede-

166 2612 256 2699 gisse
278 2607 537 2686 dicituridem,
572 2611 632 2695 qui
648 2610 845 2676 Aristotelis
875 2612 1035 2697 operatu
1056 2632 1218 2697 πραγμα-

166 2699 260 2774 τείας
279 2695 412 2784 primus
443 2695 632 2776 distribuit,
663 2697 890 2787 pluribusque
917 2697 1066 2762 librariis
1088 2695 1219 2760 descri-

165 2784 280 2850 benda
296 2790 331 2847 et
347 2781 556 2867 divulganda
571 2782 680 2861 dedit,
703 2785 927 2850 Andronicus
939 2783 1119 2861 Rhodius,
1141 2781 1219 2845 Lu·

167 2869 251 2935 culli
272 2867 488 2958 temporibus
510 2868 621 2935 clerus
646 2872 683 2935 in
706 2869 1013 2959 Peripateticorum
1039 2867 1221 2956 discipline

165 2954 404 3049 philosophus.
450 2957 645 3107 Supersunt
663 2955 689 3022 Ι.
706 2958 897 3022 Historiae
906 2961 1115 3046 plantarum
1131 2956 1221 3043 (περὶ

167 3042 285 3136 φυτῶν
300 3042 462 3128 ἱστορίας)
482 3042 505 3107 li
532 3043 562 3107 ri
579 3065 701 3109 novem
716 3044 842 3129 integri
855 3052 889 3105 et
905 3043 1032 3108 decimi
1042 3041 1220 3127 fragmen-

168 3147 244 3197 tum
264 3131 449 3215 exiguum3
470 3151 506 3192 rn
532 3128 654 3215 quibus
674 3151 778 3218 supra
796 3130 830 3196 D
852 3130 1002 3217 plantes,
1030 3129 1222 3192 secundum
1315 3170 1317 3175 -

170 3217 333 3304 stirpium
356 3222 641 3281 communitatem
661 3217 718 3281 rel
742 3216 957 3293 discrimine,
989 3217 1155 3301 sagaciter
1181 3235 1221 3277 sc

169 3302 350 3389 diligenter
376 3302 575 3391 descripsit,
608 3302 693 3367 adeo
719 3314 760 3368 ut
785 3302 982 3368 Aristotelis
1012 3303 1055 3367 de
1084 3302 1220 3389 plectis,

169 3391 230 3479 qui
249 3389 389 3476 genuini
408 3387 623 3468 ferebantur,
657 3389 752 3454 libris
774 3390 975 3478 deperditis,
1008 3386 1221 3477 Theophra·

170 3488 242 3544 stus
265 3477 510 3542 Botsnicorum
537 3477 597 3560 qui
623 3476 665 3539 de
688 3477 811 3563 plantis
832 3477 1041 3563 scripserunt
1060 3477 1221 3563 princeps

169 3562 349 3633 habendus
370 3564 423 3626 sit.
451 3563 495 3628 V.
509 3562 682 3627 Hnllerns
701 3564 737 3628 in
766 3561 853 3627 Bibl.
871 3562 948 3627 Boc
967 3560 1011 3626 T.
1025 3561 1051 3627 l.
1076 3583 1109 3650 p.
1121 3560 1160 3628 31
1171 3583 1220 3647 sq.

111 3688 113 3693 .
171 3649 288 3717 Huius
313 3648 427 3738 operis
452 3649 524 3736 ipse
550 3651 708 3713 meminit
730 3652 766 3713 in
790 3648 904 3712 firute
926 3647 1081 3728 ulterius,
1113 3655 1221 3714 serius

170 3738 315 3815 conditi,
340 3734 431 3822 quod
451 3736 665 3802 inscribitur:
696 3733 740 3801 II.
765 3735 824 3800 De
842 3737 957 3801 causis
978 3738 1050 3800 sive
1067 3758 1223 3824 genera·

169 3825 266 3892 tione
281 3826 489 3913 plantarum
509 3827 601 3911 (rupi
618 3824 766 3912 φυτικῶν
776 3815 906 3910 αἰτιῶν)
925 3822 1006 3887 libri
1017 3834 1113 3900 octo,
1133 3844 1222 3909 quo·

170 3933 252 3979 rum
273 3934 332 3975 sex
352 3920 484 3974 tuntum
499 3911 635 3998 priores
655 3910 779 3973 serrati
795 3919 894 3987 sunt,
926 3909 1124 3999 plantarum
1147 3932 1223 3974 ms·

197 3999 223 4063 is
246 3997 498 4100 physiologiam
519 4016 621 4082 quem
640 4006 756 4071 notes,
774 3992 898 4082 quibus
914 4017 1032 4061 esrum
1050 3999 1172 4082 stirpes
1188 4004 1223 4065 et

171 4019 322 4152 Vsmrlise
353 4083 611 4158 discernentur,
643 4083 865 4169 explicantes.
907 4081 1057 4147 ΙΙΙ-ΧΠ.
1083 4082 1223 4162 Libelli,

171 4193 232 4238 seu
251 4169 365 4257 potins
380 4168 495 4235 Excer·
521 4181 560 4233 tn
577 4167 746 4234 librorum
758 4171 896 4258 physici
914 4172 1107 4255 argumenti
1123 4191 1222 4233 com-

171 4259 343 4350 plurium,
365 4193 704 4345 utDeilapidibus,
726 4277 832 4344 equo
851 4256 983 4323 Plinius
997 4258 1223 4327 inHistorise
