2942 4875
430 367 662 440 Scnrrroans
691 365 974 443 Econesrasrrcr
1165 393 1251 463 ¹79.
1274 408 1276 417 .
1371 378 1373 383 ⁴

179 541 311 599 recusa,
358 521 417 584 aad
451 522 526 583 sine
565 522 837 598 commentariis,
887 542 970 585 aura
1012 520 1229 606 oboritura,
1269 565 1271 575 .

27 668 29 672 .
112 680 114 685 ¹
183 606 401 692 Wiireburgi
428 606 510 696 1785
534 628 605 693 sqq.
634 607 708 672 XV
721 606 817 679 Voil.
839 609 869 673 8.

245 697 276 760 5.
301 703 335 756 et
358 700 389 776 ti)
418 691 454 758 S.
474 693 654 759 Basiliam
676 692 744 759 Mo
772 717 873 774 num,
907 704 941 760 et
962 695 1172 780 singularem
1192 720 1232 762 o-

178 782 308 845 minum
328 781 420 855 eius,
447 778 482 843 S.
512 778 724 867 Gregorium
742 717 1033 863 actionarium,
1066 803 1110 846 ex
1133 781 1227 871 Cap-

22 850 30 947 :
91 894 95 915 a
178 869 321 958 padocia
344 878 459 931 utrum
489 887 546 942 ue,
576 877 728 931 oratores
751 878 784 930 et
802 868 920 955 poetas
941 866 1153 934 Christianos
1174 873 1230 934 iu-

28 1000 32 1007 ·
105 1014 111 1023 „
178 952 465 1037 aigneasaocuiil
503 974 680 1037 .quorum
702 975 826 1041 opero,
851 956 999 1039 prioris,
1027 954 1140 1019 studio
1161 957 1229 1023 tol.

185 1042 370 1119 Gnrnieri,
400 1040 508 1103 Paris.
536 1059 612 1127 ¹7²¹
635 1037 993 1129 sqq.tlt³tf011.f0t‚
1021 1045 1232 1126 posterioris,

179 1149 225 1192 ax
247 1129 419 1212 interpret.
442 1125 530 1192 Fed.
555 1125 719 1205 Mor-etti,
752 1126 860 1195 Paris.
885 1125 977 1195 1630.
1002 1127 1035 1192 li
1056 1129 1147 1193 von.
1168 1129 1231 1194 fol.

181 1227 215 1277 et
232 1215 418 1298 interprete
444 1214 516 1277 Iac.
543 1212 669 1289 Bittio,
691 1213 847 1276 Venatiis
874 1215 967 1301 1753.
996 1213 1029 1279 11
1055 1215 1147 1279 Voll.
1170 1214 1232 1285 foi.

180 1304 309 1389 optima
328 1299 417 1364 adita
440 1308 529 1363 sumu
553 1298 727 1376 Emuitis,
749 1319 831 1387 quas
852 1298 888 1362 S.
912 1301 1069 1366 Basilius
1087 1307 1151 1367 sori
1180 1305 1233 1384 sit,
1276 1376 1279 1383 .

180 1388 337 1455 homiliis
353 1391 531 1471 praecipue
550 1385 687 1447 landam
706 1386 833 1451 meruit
849 1387 959 1449 oratio
973 1386 1109 1455 XXIV.
1138 1325 1232 1476 ἧρὸς

178 1474 258 1551 τοὺς
278 1476 373 1550 νέους
391 1473 482 1548 ὅπως
503 1467 548 1535 ἂν
563 1471 597 1551 ἐξ
609 1468 808 1551 Ἑλληνικῶν
830 1468 1013 1559 ὠφελοῖντο
1029 1471 1147 1559 λόγων.
1170 1477 1232 1540 Aa

182 1562 416 1627 adolescentes
435 1558 477 1622 de
494 1557 710 1622 Graeaorum
722 1552 822 1623 libris
833 1582 912 1622 enm
926 1557 1048 1645 fructu
1063 1560 1230 1648 legendis,

182 1668 337 1711 seorsum
363 1644 561 1731 frequenter
588 1644 675 1709 edita
702 1640 758 1729 (cf.
780 1644 930 1708 Harlesii
957 1645 1101 1711 Brevior
1127 1646 1233 1710 Noti-

180 1737 226 1798 tia
246 1732 471 1797 Litteraturae
500 1727 652 1794 Graecae
687 1755 718 1815 p.
740 1731 802 1820 728
822 1735 905 1818 not.)
923 1735 1108 1797 novissima
1132 1732 1244 1798 aFr.
1356 1778 1358 1782 -

187 1821 284 1886 Guil.
308 1819 467 1897 Stnrzio,
502 1814 614 1880 Gerae
640 1839 733 1904 ¹79¹·
757 1817 787 1880 8.
807 1857 849 1870 -
882 1817 936 1882 Do
960 1818 1129 1907 Gregorii
1149 1817 1232 1883 Na-

180 1908 292 1977 tione.
315 1906 466 1968 dramate
492 1902 688 1967 Christiano
723 1904 816 1988 quod
852 1905 1036 1992 Χριστὸς
1066 1903 1234 1993 πάσχων

181 1991 399 2069 inscribitur,
427 2013 507 2054 num
524 1990 694 2074 Gregorio
716 1989 800 2053 Nae.
819 1990 1046 2069 tribuendum,
1061 1993 1123 2071 sit,
1156 2003 1233 2077 post

23 2086 26 2122 ³
138 2124 142 2133 ·
188 2076 418 2149 Valckenarii
440 2098 620 2141 censuram
649 2079 685 2139 in
708 2074 813 2164 praef.
837 2077 878 2141 ad
895 2077 1071 2164 Euripidis
1092 2078 1236 2181 Hippo-¹

182 2164 294 2251 lytum
322 2186 355 2252 p.
378 2160 442 2231 XI.
467 2165 698 2248 quaestionem
724 2170 907 2250 proposuit
936 2164 1166 2242 Eichatodiua
1197 2188 1236 2245 iu

182 2272 298 2338 progr.
325 2250 433 2315 Acad.
456 2251 556 2311 lenae
580 2251 671 2314 1816.
690 2252 721 2314 t.
739 2249 889 2334 vulgato.

250 2342 282 2422 7)
299 2335 470 2398 Ioannem
496 2334 797 2421 Chrysostomum,
818 2333 1024 2400 Antiochiae
1046 2338 1084 2401 in
1106 2337 1232 2405 Coela-

184 2426 406 2509 syrianatum
426 2419 490 2483 354
512 2442 546 2505 p.
562 2420 626 2483 Ch.
648 2431 681 2484 et
699 2421 886 2487 aLibanio
905 2432 975 2486 arte
999 2424 1134 2487 dicendi
1156 2448 1237 2496 erus

186 2511 315 2584 ditum,
332 2507 485 2571 eiusdem
499 2509 625 2572 saeculi
643 2518 813 2572 oratorem
831 2507 1066 2575 Christianum
1085 2510 1236 2575 celeber-

183 2598 331 2672 rimum,
366 2596 463 2658 ouius
483 2617 592 2677 ‘opera
617 2602 730 2658 omnia
757 2596 863 2661 edidit
882 2595 928 2666 B.
954 2598 996 2661 de
1013 2597 1237 2685 Monfauoon

184 2684 293 2747 Paris.
328 2681 551 2770 1718-.1738.
583 2679 653 2746 XII
677 2681 768 2747 Voll.
792 2681 854 2749 fol.
878 2722 918 2735 -·
967 2683 1122 2764 Venetiia
1144 2697 1238 2774 1780.

77 2845 82 2848 Α
185 2769 274 2837 XIV
294 2769 385 2832 Vott.
409 2773 440 2830 t.

162 2925 171 2938 ‚
251 2854 287 2941 8)
321 2855 476 2940 Denique
501 2853 708 2919 Nemeaium
733 2854 934 2942 episcopum
963 2857 1173 2938 himeraeum
1201 2863 1239 2924 in

99 2937 103 2948 ’
169 2943 369 3012 Phoenicia
393 2942 482 3005 cirea
508 2963 537 3003 a.
558 2941 634 3024 570.
666 2943 763 3005 cuius
787 2940 913 3005 librum
947 2944 989 3007 do
1011 2957 1141 3010 natura
1172 2945 1239 3008 lio-

186 3030 308 3102 minia‚
330 3038 403 3115 post
415 3028 494 3093 edit.
508 3030 675 3111 Antverp.
688 3026 799 3113 (1565)
810 3038 843 3091 et
854 3026 1092 3116 oxoniensem
1102 3035 1236 3118 (itys),

187 3136 232 3178 ex
253 3113 336 3179 VIL·
351 3115 448 3179 codd.
469 3136 546 3178 mss.
566 3113 680 3178 denuo
700 3125 734 3177 et
755 3114 866 3179 multo
885 3116 1094 3186 emendatius
1123 3119 1185 3182 Gr.
1205 3129 1238 3180 at

186 3202 264 3274 Lat.
277 3201 399 3278 edidit,
421 3212 455 3263 et
467 3199 779 3269 animadversiones
798 3201 920 3272 adiecit
934 3204 971 3268 0.
985 3204 1029 3268 F.
1042 3197 1236 3282 Matienoi,

186 3287 296 3354 Halae
316 3289 407 3354 1802.
419 3289 449 3352 8.
471 3286 511 3351 In
529 3288 781 3353 Germanicum
797 3309 989 3353 sermonem
1008 3292 1139 3376 primus
1160 3311 1237 3354 ver-

186 3376 245 3448 tit,
264 3395 342 3438 oum
360 3374 477 3438 multis
492 3374 771 3439 annotationibus
783 3378 1100 3458 at‘commentariis‚
1116 3376 1239 3459 (ittera

190 3462 367 3542 hammer,
399 3460 576 3546 Salzhurgi
597 3470 689 3549 1819.
716 3462 736 3526 8
755 3461 834 3538 mai.¹
