2942 4875
230 374 250 419 2
430 319 685 420 alvearium
707 371 749 419 nt
771 369 821 417 RE
845 369 1086 420 emensam·

228 513 310 577 <lam
329 504 573 572 excellentium
599 511 754 571 virorum
780 508 914 574 animos
940 510 1074 574 multae
1102 519 1139 572 et
1164 512 1284 578 ranae

231 596 414 663 doctrinae
446 595 520 682 (pol
540 594 712 659 mathiam
745 592 872 658 Graeci
897 598 1037 684 vocant)
1066 597 1160 681 oepit
1182 619 1280 662 emor

230 694 268 750 et
283 680 457 759 studium
478 618 672 762 fariulorum
688 688 723 742 et
740 679 902 748 historiae
920 684 1079 768 antiquae
1097 702 1277 769 rerumque

231 767 442 837 mirabilium
463 765 678 851 investigatio
697 767 847 844 curiosa,
870 790 936 853 qus
962 773 1017 834 vel
1037 768 1278 834 historicorum

231 857 336 925 huius
356 851 471 917 aetatis
494 855 616 916 maiori
641 856 729 937 parti
748 853 862 917 fraudi
885 853 962 919 fuit.
1006 854 1177 941 Repertus
1203 853 1278 917 bine

231 944 386 1031 primum
405 948 456 1001 est
478 940 564 1010 ordo
587 939 725 1026 quidam
746 940 979 1018 eruditorum,
1018 941 1281 1006 Grammatico-

233 1053 314 1096 rum
333 1027 472 1092 uomina
496 1036 612 1105 notus,
648 1027 706 1111 qui
732 1026 774 1087 ab
804 1033 898 1091 omni
924 1028 1131 1114 reipublicae
1156 1037 1284 1090 tracta-

220 1111 332 1181 ¹tione
353 1113 500 1193 exclusi,
533 1113 570 1174 in
596 1111 664 1173 otio
691 1120 726 1173 et
754 1112 876 1176 litteris
897 1116 1003 1175 vitam
1031 1122 1284 1191 consumerent,

235 1205 362 1288 quique
382 1198 540 1261 omnibus
560 1195 733 1261 doctrinae
756 1199 864 1286 copiis
885 1199 1061 1278 instructi,
1084 1199 1285 1286 praesertim

236 1287 462 1352 historiarum
496 1294 530 1347 et
563 1283 775 1368 antiquitatis
807 1285 1041 1369 exploratores
1074 1284 1285 1371 peritissimi,

237 1395 317 1437 oum
340 1371 465 1435 artium
493 1370 692 1457 politiorum
722 1381 756 1432 et
787 1369 1048 1457 disciplinarum
1072 1372 1285 1437 severiorum

236 1459 356 1525 studiis
387 1456 523 1544 linguae
545 1455 696 1520 Graecae
721 1457 899 1522 scientiam
927 1458 1170 1523 accuratiorem
1193 1479 1284 1523 con-

234 1549 434 1632 iungerent,
487 1556 709 1693 Rerumque
746 1546 953 1632 scriptorum
995 1552 1106 1610 omnis
1147 1552 1284 1630 generis

237 1631 448 1718 exemplaria
474 1651 492 1692 e
552 1630 696 1704 edendi,
727 1629 973 1716 interpretandi
993 1645 1027 1696 et
1049 1629 1203 1696 subtilius
1228 1631 1285 1695 di-

235 1718 411 1785 iudicandi
430 1730 555 1795 artem,
583 1716 624 1778 ab
647 1715 851 1782 Homericis
871 1719 942 1783 orsi
963 1717 1183 1795 carminibus,
1208 1719 1285 1806 pri-

236 1810 286 1871 mi
306 1804 505 1869 excolerent
529 1802 783 1887 traderentque:
821 1805 913 1868 unde
935 1804 1175 1893 Philologiam
1203 1825 1285 1869 cum

236 1895 391 1981 partibus
417 1897 485 1952 suis
509 1889 720 1974 praecipuis,
758 1889 1003 1956 Grammatico
1025 1891 1162 1978 proprie
1180 1891 1280 1967 diets,

241 1978 376 2046 Critian
409 1985 443 2039 et
470 1974 759 2054 Hermeneuts'cn,
807 1978 976 2061 originem
1011 1989 1043 2040 et
1074 1981 1284 2040 incrementa

237 2065 318 2129 satis
339 2061 452 2146 ampla
471 2063 610 2124 duxissa
631 2069 750 2123 notum
774 2071 833 2123 est.
880 2063 1035 2143 Quarum
1062 2085 1178 2126 causas
1203 2084 1283 2125 mu-

236 2152 417 2215 tatianum
433 2150 635 2234 praecipuas
657 2146 686 2208 si
709 2153 929 2231 quaesiveris,
962 2171 1000 2212 re
1027 2149 1108 2213 oriri
1129 2170 1187 2213 ese
1210 2150 1283 2237 pri-

237 2259 296 2302 mo
318 2233 478 2301 videntur
496 2239 532 2298 in
551 2240 622 2320 ipsa
640 2233 770 2316 ingenii
792 2236 933 2300 humani
954 2173 1069 2300 iniere
1090 2257 1128 2299 ac
1150 2245 1283 2312 natura,

238 2323 348 2412 quod,
370 2319 428 2384 nbi
448 2341 582 2384 summa
599 2321 734 2410 quaevis
752 2323 878 2406 attigit,
905 2322 946 2386 de
968 2323 1104 2408 fastigio
1124 2324 1190 2385 isto
1203 2345 1284 2386 sen.

239 2413 304 2477 sim
326 2408 511 2487 delabitur,
551 2411 691 2494 ipsaque
716 2408 955 2498 exemplorum
987 2409 1221 2496 magnitudine
1249 2421 1283 2474 et

239 2500 337 2585 eopia
365 2496 459 2560 velut
488 2497 705 2581 depressum,
749 2505 822 2572 aut,
850 2519 948 2584 2qu0s
983 2518 1145 2584 superare
1166 2517 1202 2559 se
1227 2496 1284 2561 vel

238 2594 371 2649 tantum
390 2582 522 2665 assequi
537 2601 634 2664 posse
653 2577 789 2660 diffidit,
812 2604 933 2648 eornm
950 2585 1126 2647 incitatum
1143 2603 1283 2648 cursum

240 2669 471 2754 elonginquo
492 2665 604 2751 sequi,
648 2666 811 2751 dotesque
841 2692 880 2732 ac
908 2676 1051 2735 virtutes
1081 2669 1282 2735 clarissimas

238 2759 359 2823 saltem
398 2754 565 2817 imitando
597 2754 793 2837 exprimere
820 2766 854 2818 et
885 2755 1086 2820 adumbrare
1120 2767 1279 2835 conatur3

240 2854 298 2909 aut
325 2841 431 2905 nativi
451 2860 588 2918 sensus,
626 2841 851 2926 simplicitatis
880 2853 911 2906 et
944 2843 1069 2930 leporis
1103 2840 1283 2920 defaetum,

241 2931 395 3016 quaesito
417 2936 451 2989 et
472 2946 618 3011 operoso
639 2936 780 3004 ornatu,
817 2929 999 3013 pigmentis
1021 2928 1170 3014 fucoque
1196 2948 1283 3015 pue-

240 3017 298 3080 rili
323 3017 450 3078 trustra
479 3033 554 3074 com
584 3032 702 3075 ensare
731 3013 855 3077 studet.
901 3014 954 3079 Cf.
975 3015 1284 3103 Wyttenlmclzium

238 3104 275 3168 iu
291 3098 472 3165 Bilitcrit.
485 3099 522 3162 Ρ.
572 3145 580 3162 .
598 3119 628 3182 ρ,
647 3119 694 3165 11.
740 3099 907 3163 Maiorem
924 3121 1014 3183 vero,
1034 3104 1076 3164 ad
1093 3098 1284 3184 infringen-

242 3191 324 3254 dum
356 3186 573 3279 ingeniqrum
607 3184 774 3269 vigorem,
820 3188 997 3272 studiaque
1027 3188 1215 3250 litteraium
1249 3195 1283 3248 et

241 3296 349 3360 genus
366 3271 536 3336 scribendi
555 3270 734 3349 mutanda,
756 3276 825 3335 rim
844 3274 956 3338 attulit
977 3294 1092 3338 rerum
1115 3285 1147 3337 et
1164 3274 1283 3337 civita-

241 3375 315 3426 tum
341 3357 551 3423 Graecarum
584 3368 689 3421 status
719 3380 738 3420 a
768 3360 909 3442 pristino
945 3360 1089 3423 nimium
1119 3370 1283 3446 quantum

240 3448 412 3523 diversus,
434 3466 566 3529 exque
588 3440 730 3520 Graeci,
753 3446 922 3526 imprimis
940 3447 1182 3527 Athenienses,
1204 3465 1282 3507 suas

239 3556 294 3600 res
323 3534 388 3618 ipsi
414 3552 534 3594 curere
565 3531 751 3609 desierant,
785 3531 1014 3595 Macedonum
1041 3533 1169 3616 primo,
1201 3550 1284 3594 mox

236 3619 475 3685 Romanorum
496 3617 640 3703 imperio
658 3617 813 3680 subiecti.
853 3620 1051 3683 Alexandri
1067 3621 1203 3704 quidem
1219 3638 1284 3681 ex·

238 3706 469 3794 peditiouibus
488 3702 569 3764 licat
587 3724 698 3766 sermo
713 3714 747 3765 et
766 3704 897 3767 litterae
915 3703 1064 3769 Graecae
1088 3727 1149 3790 per
1168 3702 1283 3790 plures

239 3795 475 3857 disseminatae
495 3800 619 3864 terras,
649 3810 834 3884 rerumque
855 3812 894 3853 ac
915 3789 1095 3855 hominnm
1119 3801 1151 3854 et
1173 3812 1285 3876 popu-

236 3878 351 3943 lorum
371 3877 511 3940 notitiae
535 3875 712 3960 insigniter
740 3888 855 3941 auctae
884 3874 1028 3944 suerint:
1062 3877 1146 3941 illud
1171 3888 1284 3940 tamen

179 3990 185 3998 ·
235 3978 270 4029 et
294 3966 429 4051 linguae
450 3961 591 4048 puritati
614 3982 653 4026 ae
672 3965 802 4026 nativae
827 3965 1029 4050 elegantiae,
1058 3975 1093 4027 et
1114 3964 1283 4028 litteratu-

233 4049 422 4119 rae‘indoli
447 4051 617 4127 sincerae,
662 4052 842 4137 omnisque
871 4051 1138 4139 peregrinitatis,
1173 4047 1284 4113 ut‘ita
