2942 4875
160 514 171 529 -
281 475 430 542 Svlnlts.
469 472 770 541 Errnocooacvn
793 470 844 536 M.
879 442 1049 536 Pnomvs
1123 486 1186 561 2¹7
1275 550 1278 555 ξ

142 631 320 721 Opusculo
340 626 476 694 Critica
501 627 642 714 1780sq.
664 626 802 692 llVoll.
818 624 866 705 8.,
888 632 963 689 tum
987 644 1066 688 cum
1088 626 1189 691 noris

138 731 172 782 et
197 716 345 805 Toupii‚
367 725 401 777 et
424 713 633 796 i'yrwldtti,
656 722 689 777 at
711 713 859 778 Porsoni
883 712 1139 789 additamentis,
1170 733 1190 776 a

144 805 281 871 ll'lioma
304 800 515 887 Bergoule,
538 799 697 865 Oxouiae
719 817 811 889 ¹79⁰·
831 797 880 863 IV
896 796 990 863 Voll.
1003 799 1034 864 8.
1059 798 1191 864 Suidae

139 902 174 954 et
199 887 388 954 Pltovorini
414 887 553 974 glossas
574 910 693 953 sacras
720 887 875 963 Graece,
907 907 988 949 oum
1015 884 1191 972 spicilegio

139 981 280 1062 glossar.
307 994 430 1037 sacrar.
458 972 623 1058 Hesychii
657 986 690 1038 et
717 972 912 1060 Etymolog.
935 971 987 1035 M.
1012 972 1192 1056 congessit,

139 1065 333 1127 emendavit
344 1070 378 1123 et
389 1068 477 1122 notis
488 1058 669 1123 illustravit
681 1059 711 1124 1.
728 1059 791 1124 ct.
811 1060 854 1127 G.
867 1059 1029 1137 Ernesti,
1051 1057 1096 1121 Li
1121 1064 1192 1124 siae

24 1169 25 1174 ’
142 1150 238 1235 1786.
261 1146 290 1210 8.
335 1144 435 1210 Adde
462 1145 493 1209 1.
516 1146 562 1210 F.
591 1145 812 1212 Schleusneri
832 1146 1046 1210 Auctarium
1074 1168 1094 1209 o
1134 1166 1192 1211 er·
1233 1140 1236 1149 ’

24 1241 26 1276 f
138 1237 319 1303 vationum
341 1234 381 1296 in
397 1231 547 1296 Suidom
567 1244 601 1296 et
623 1232 840 1317 Haayaclzium
869 1244 903 1295 at
924 1231 1014 1296 alios
1035 1230 1191 1297 Larice·

24 1333 25 1362 ³
133 1320 295 1411 graplzos
322 1318 488 1395 Graecos,
517 1321 655 1403 tutione
675 1320 826 1382 maxime
847 1314 972 1383 tabita
991 1318 1192 1404 glossarum

24 1433 27 1443 ·
137 1429 332 1485 serrorum.
363 1404 488 1470 Partis.
513 1404 528 1467 l
551 1413 584 1467 et
605 1404 646 1467 ll.
681 1403 887 1487 Vitebergae
924 1405 960 1468 18
1020 1426 1070 1491 sq.
1093 1414 1124 1470 d.
1147 1446 1191 1461 -
1243 1439 1251 1455 ι

137 1505 173 1559 et
198 1493 322 1559 'l'liom.
346 1489 507 1555 Reincaii
543 1491 809 1557 Observationes
836 1490 875 1555 in
901 1489 967 1553 Sui
1015 1512 1061 1554 nr.
1088 1490 1192 1554 Eno-

24 1603 27 1614 ·
138 1582 241 1659 tavit,
274 1576 413 1664 digessit
436 1579 591 1662 notisque
612 1576 691 1641 suis
707 1573 877 1676 adspersis
900 1574 1007 1641 edidit
1031 1573 1114 1643 Cirr.
1144 1577 1203 1662 G.
1298 1626 1307 1637 i.

24 1694 27 1703 ’
139 1667 338 1742 Miillerus,
371 1663 509 1811 Lipsiae
535 1664 628 1751 1819.
651 1665 762 1730 8ma1.

24 1784 28 1795 .
208 1751 394 1814 Recentior
410 1750 530 1837 suida,
554 1760 588 1813 ct
609 1751 700 1815 circa
722 1771 753 1814 a.
777 1766 851 1837 990.
876 1747 1003 1814 vixisse
1025 1748 1131 1814 saxio
1153 1750 1192 1814 in

141 1838 271 1902 Ouom.
295 1836 339 1902 Τ.
356 1833 399 1899 ll.
433 1857 469 1921 p.
493 1838 565 1923 ¹59·
593 1837 728 1903 videtur
750 1846 871 1900 auctor
898 1842 1049 1900 incertus
1070 1833 1193 1900 Lexici

24 1948 26 1983 t
140 1926 266 1990 Graeci
289 1922 379 2010 quod
403 1921 642 2011 Etymologici
669 1923 806 2011 Magni
837 1928 977 1987 nornine
1002 1921 1103 2009 vulgo
1125 1944 1193 1987 no.
1319 1978 1326 1993 .

140 2023 214 2075 tum
248 2021 314 2085 est,
347 2029 553 2095 quamquam
578 2032 649 2074 non
671 2010 760 2074 solas
786 2009 1031 2075 vocabulorum
1055 2023 1193 2094 etymo·

72 2124 77 2133 “
139 2100 249 2183 logias
272 2097 438 2173 continet,
477 2096 537 2159 sed
560 2095 623 2161 alia
648 2097 752 2163 multa
775 2097 905 2161 utiliter
938 2096 1116 2161 observata
1148 2090 1193 2160 ad

139 2186 292 2249 Graecae
315 2184 452 2267 liuguae
483 2184 635 2245 indolem
668 2197 702 2247 et
723 2183 928 2267 analogiam,
960 2194 1035 2247 tum
1057 2179 1192 2250 fabula-

138 2295 236 2351 rum,
270 2271 494 2335 historiarum
518 2279 618 2352 atque
645 2266 1097 2353 fragmentorumveterum
1130 2288 1193 2332 co-
1249 2270 1252 2279 '

136 2362 242 2446 piam.
287 2356 381 2421 ldem
410 2354 615 2419 Homericae
644 2355 802 2420 dictionis
832 2355 1097 2443 explicationem
1119 2361 1232 2437 imag

60 2509 62 2512 ,
140 2448 265 2538 primis
288 2445 468 2519 adiuvere,
501 2441 567 2506 ulio
588 2441 667 2508 loeo
689 2447 811 2508 monui
833 2439 890 2529 (T.
911 2441 937 2508 l.
962 2464 994 2531 p.
1016 2446 1080 2519 aa).
1125 2442 1193 2508 Sed

25 2579 28 2588 ι
141 2537 198 2604 vel
221 2534 270 2595 sic
292 2541 350 2594 out
367 2553 386 2595 e
399 2529 553 2614 pluribus
568 2529 654 2593 illud
676 2531 848 2618 glossariis
872 2531 1113 2617 compilatum,
1135 2539 1194 2594 aut

26 2651 28 2670 ÷
142 2644 188 2685 ex
221 2619 369 2697 eisdem,
408 2637 426 2679 a
458 2613 580 2702 qrtibus
613 2618 676 2682 ista
710 2619 811 2682 ducta
848 2613 999 2694 fuerint,
1041 2615 1192 2681 lontibus

26 2753 28 2761 ·
143 2710 305 2770 haustum
328 2726 419 2779 esse,
447 2705 631 2788 praecipue
654 2716 820 2770 testantur
843 2705 911 2766 duo
934 2704 1077 2778 Lauica,
1111 2701 1205 2770 oum‘
1266 2703 1270 2708 ’

26 2829 28 2862 ;
140 2794 384 2881 Etymologico
419 2803 534 2856 nostro
570 2787 712 2858 mirifice
742 2793 1009 2874 consentientia,
1045 2790 1193 2858 alterum

27 2927 28 2930 η
142 2884 281 2956 l’isotii,
309 2877 400 2965 qnod
421 2898 531 2962 nuper
549 2876 686 2942 demum
709 2879 879 2942 eduobus
895 2875 1099 2965 apographis
1118 2878 1192 2960 pii·

27 3021 29 3029 .
140 2992 217 3032 mus
237 2967 369 3031 Graece
387 2963 492 3028 edidit
514 2964 662 3046 Godosr.
674 2964 921 3041 Hermoneia,
943 2963 1191 3073 Lipsia01808.

66 3089 72 3094 ·
141 3063 192 3130 (ιζ
212 3061 302 3118 notis
320 3062 432 3118 autem
447 3050 631 3116 illustravit
645 3053 905 3138 emendavitqne
926 3051 956 3115 1.
969 3052 1032 3116 dr.
1047 3051 1192 3116 Sellas-

141 3164 281 3216 snerus,
320 3138 410 3202 edito
442 3139 591 3223 primum
615 3139 756 3204 Libello
789 3137 1132 3203 animadversionum
1153 3139 1193 3202 in

143 3228 267 3293 Plsotii
290 3226 464 3300 Leainon,
496 3222 704 3310 Lips.'r810.
727 3231 758 3288 4.
771 3275 781 3306 ,
805 3225 927 3288 deinde
950 3223 1053 3288 Curis
1075 3224 1192 3289 novis-

140 3316 242 3378 simis
263 3312 333 3377 sioe
356 3311 561 3399 Appendice
591 3323 757 3377 notorem
785 3324 819 3376 et
842 3310 1124 3376 emendationum
1151 3316 1191 3376 in

141 3400 266 3467 Ptorit
286 3399 443 3463 chieon
464 3396 592 3461 ibidem
610 3401 701 3462 1812.
717 3408 748 3466 4.
774 3398 917 3462 alcuius
935 3395 1059 3460 Lexici
1080 3417 1191 3462 novoe

140 3488 306 3553 editionis
328 3486 508 3572 Specimen
532 3505 575 3547 es
594 3485 798 3573 apographo
820 3483 1015 3562 Reiziano,
1060 3482 1131 3547 uod
1152 3486 1191 3548 in

140 3575 221 3641 bibl.
248 3572 449 3636 Hauniensi
462 3573 698 3645 ,αεσσνναέανζ
719 3595 798 3636 cum
821 3570 934 3636 Laus.
953 3507 1108 3640 ,dionisii
1129 3589 1191 3632 au-

141 3655 239 3749 isque
270 3658 559 3724 adnotationibus
590 3657 703 3734 edidit
737 3657 823 3723 Mc.
858 3657 1002 3734 Sclsow,
1042 3653 1191 3721 Hafniee

146 3751 239 3830 18η.
259 3747 289 3809 8.
325 3744 432 3809 Aliud
458 3744 642 3831 Speoimen
665 3744 792 3809 toxici
813 3742 996 3821 Floriani,
1020 3741 1189 3828 evulgato

140 3835 182 3897 ab
202 3834 418 3908 Hermanno,
451 3827 698 3920 par-iteratque
721 3830 930 3894 Hanuicnsis
954 3828 1081 3894 codicis
1102 3828 1190 3895 illud

36 3941 40 3945 ·
139 3923 244 3985 modo
268 3920 461 3994 laudatum,
484 3919 519 3982 in
538 3915 712 3993 nonnullis
734 3917 818 3981 locis·
842 3916 1085 3998 dissentientis,
1108 3937 1188 3980 oum

139 4007 382 4095 Etymologico
400 4005 563 4069 Gudiano
585 4002 713 4068 editum
733 4013 783 4066 est
803 4026 821 4065 a
838 4003 1032 4067 doctissimo
1046 4004 1186 4070 Stursio
1229 4035 1233 4041 -

135 4115 213 4180 pag.
238 4092 420 4180 593-596.
434 4134 476 4146 -
497 4090 658 4155 Alterum
682 4088 837 4154 Lexicon
860 4087 973 4153 adhuc
996 4111 1097 4155 mser.
1122 4092 1186 4153 sub

140 4178 266 4269 cyrilti
287 4177 517 4244 Alexandrini
539 4179 678 4240 nomine
699 4183 737 4240 in
759 4173 1187 4326 bibliotheca8Mosquensi
1235 4221 1246 4246 t

722 4299 726 4305 -
935 4283 952 4326 2
