2942 4875
457 511 615 581 Annaea
638 510 895 583 Tacncasa-
915 512 1069 582 Musica
1120 549 1124 558 ·
1228 526 1294 578 arr

242 709 314 763 tem
332 711 416 759 vero
446 688 542 754 illam
566 687 783 775 superstitem
811 688 924 774 operis
952 685 1121 777 deperditi
1147 705 1191 751 ax
1217 687 1295 766 cod.

241 804 306 848 ms.
332 777 487 845 Parisino
509 777 643 864 primus
674 773 781 837 edidit
805 784 839 837 st
858 774 963 840 latine
985 776 1088 839 vertit
1115 774 1297 841 Caecubo-

241 893 317 947 nua,
336 886 414 930 cum
442 862 579 951 Poiybii
597 861 792 941 Historiis,
822 859 962 927 Parisiis
985 860 1143 952 1609f01.
1172 858 1296 925 Eidem

242 953 390 1043 Polybio
402 952 566 1014 comitem
588 948 730 1036 posthac
751 946 919 1012 dederunt
935 949 1084 1015 Iacobus
1100 948 1297 1015 Gronovius

240 1038 389 1108 Amstel.
404 1034 497 1139 ¹⁶i0·
511 1036 541 1100 8.
566 1035 597 1100 1.
608 1036 654 1102 A.
665 1032 852 1100 Ernestiua
865 1034 1000 1187 Lipsiae
1018 1034 1108 1123 1763.
1132 1045 1165 1098 et
1188 1052 1296 1116 nuper

243 1133 298 1195 vir
315 1126 533 1191 doctissimus
550 1121 601 1186 Ιο.
619 1120 721 1187 Gonr.
739 1118 900 1198 Orellius,
942 1145 983 1186 oo
996 1122 1122 1187 indice:
1148 1119 1299 1219 Supplad

156 1276 160 1283 .
243 1224 398 1281 mentum
423 1209 589 1276 editionis
616 1206 755 1356 Paphii
772 1205 1159 1310 Schweipbeusernnae,
1185 1219 1300 1269 canu.

246 1322 332 1367 nens
354 1299 495 1365 Aeneae
521 1293 657 1361 Toctici
693 1293 1218 1362 'omnaentarzumdetolernnda
1236 1291 1301 1365 ola-2
1335 1291 1340 1300 ⁴

245 1389 400 1462 sidione,
417 1382 458 1447 ad
471 1380 580 1446 Codd.
593 1378 807 1464 Mssptorum
819 1391 852 1443 at
861 1380 950 1449 Edd.
961 1382 1064 1446 fidem
1080 1380 1300 1463 recensitum,

250 1472 356 1540 Isaaci
377 1467 570 1533 casauboni
589 1466 804 1554 aliorumque
821 1476 855 1530 et
872 1467 941 1531 suis
959 1467 1233 1532 annotationibus
1254 1465 1302 1544 ilq
1379 1508 1384 1518 ·

245 1545 446 1632 lustratum,
461 1554 600 1642 Lipsiae
614 1553 707 1619 1818.
720 1552 751 1618 8.
764 1590 804 1602 -
815 1552 871 1617 Ex
883 1551 1010 1618 Codice
1028 1554 1185 1630 Medicas
1203 1551 1300 1617 lacu·
1342 1615 1344 1617 ,

249 1667 311 1709 nas
338 1640 500 1729 quasdam
524 1637 631 1704 libelli
654 1636 825 1726 supplevit
843 1638 915 1707 Iac.
940 1640 1135 1706 Gronovius
1149 1641 1187 1705 in
1205 1638 1301 1728 Sup·]

245 1729 431 1822 piamentis
449 1727 655 1793 lacunarum
676 1727 714 1790 in
740 1724 861 1790 Aenea
890 1723 1050 1805 Tactico,
1075 1726 1192 1793 Dione
1212 1725 1303 1801 Ona}

247 1817 301 1883 aio
320 1827 355 1880 et
372 1814 537 1880 Arriano.
557 1811 669 1900 Lugd.
689 1809 763 1875 Bal.
781 1812 871 1901 1675.
884 1813 913 1878 8.
925 1851 966 1865 -
990 1811 1116 1877 Trium
1129 1812 1303 1877 Parisien-

251 1904 341 1968 aium
374 1899 482 1965 Codd.
512 1900 672 1965 lectiones
705 1903 905 1985 praecipuas
934 1920 1039 1965 excer
1063 1901 1106 1964 sit
1138 1896 1303 1967 Gne&

249 1987 422 2064 Koesiua,
445 1986 550 2052 editas
572 1987 609 2051 in
634 1984 821 2052 Bredowii
837 1984 1010 2076 Epistulas
1058 1987 1142 2052 aris.
1164 1988 1304 2072 Lipsiae

252 2075 344 2142 1812.
365 2093 440 2160 pag.
456 2092 649 2159 rrosqq.-
671 2071 830 2157 Denique
858 2072 1015 2158 gallicam
1036 2071 1145 2138 libelli
1163 2076 1304 2140 Aeneae

249 2161 446 2228 versionem
458 2182 536 2225 cnm
551 2165 804 2225 commentario
818 2155 966 2222 confecit
983 2158 1109 2224 Comes
1127 2160 1170 2226 de
1182 2162 1307 2226 Beuu-

249 2249 351 2315 aobre
375 2244 441 2309 hoc
462 2246 591 2311 iudica:
627 2245 901 2310 Commentairea
926 2268 988 2310 aur
1015 2246 1051 2310 la
1082 2247 1125 2312 da
1143 2269 1222 2313 ense
1243 2247 1305 2314 dea

247 2334 367 2426 places
389 2332 561 2398 d'Aenena
581 2331 613 2395 le
634 2327 826 2395 Tacticien.
848 2323 985 2424 Parisiis
1010 2334 1102 2419 1757.
1132 2329 1156 2396 I.
1174 2331 1306 2401 volta.

320 2417 501 2494 Musicen,
525 2422 618 2485 vocis
638 2436 738 2479 sensa
763 2417 949 2495 strictiore,
973 2442 990 2483 a
1010 2419 1225 2507 Pythagorae
1246 2421 1306 2484 in-

254 2505 296 2571 de
313 2503 545 2591 temporibus,
567 2500 819 2569 Mathematicis
844 2503 944 2567 adian
971 2527 1028 2570 ere
1055 2507 1243 2595 disciplinis
1271 2517 1307 2573 et

186 2670 190 2675 ⁴
252 2589 447 2657 Matheseos
469 2614 536 2678 ope
558 2589 693 2655 tradere
714 2590 920 2655 solitiarant
969 2595 1070 2658 raeci.
1114 2592 1308 2659 Librorum
1381 2594 1384 2599 ’

256 2688 388 2756 tamen,
411 2675 586 2765 inquibus
604 2681 685 2740 artis
702 2674 803 2740 huius
822 2678 985 2741 elementa
996 2679 1213 2766 docerentur,
1229 2685 1308 2746 exi-

278 2785 341 2828 uus
361 2763 470 2829 fuisse
486 2765 632 2829 traditur
654 2784 819 2827 numerus
833 2763 898 2851 1(ch
913 2764 1005 2852 Voy.
1026 2764 1194 2834 d‘Anach.
1213 2788 1306 2857 cry.

291 2848 411 2937 .lll.p.
426 2854 501 2941 69.).
526 2848 798 2936 Antiquissimus
821 2851 877 2915 cui
899 2862 1031 2937 tempus
1057 2875 1100 2942 pe
1127 2855 1212 2918 ercit
1233 2854 1308 2918 Ta-

252 2938 427 3002 rentinum
457 2937 709 3004 Aristoxenum
744 2933 847 3001 habet
880 2947 1095 3016 auctorem„
1134 2940 1307 3007 icaearchl

253 3023 428 3110 aequalem
457 3035 490 3087 et
513 3022 803 3109 condiscipulum,
827 3023 956 3111 dequo
977 3045 1078 3111 supra
1101 3028 1193 3093 inter
1218 3027 1306 3093 An·-

253 3110 425 3175 stotelicos
447 3131 555 3199 pauca
573 3110 747 3174 attulimus
759 3109 798 3200 (i.
816 3115 889 3199 γα).
935 3110 1065 3193 Huius,
1088 3125 1221 3202 praeter
1239 3114 1306 3178 alia

253 3195 362 3261 multa
375 3203 500 3278 scripta
517 3198 702 3285 deperdita,
725 3218 872 3283 quorum
884 3197 1011 3263 indices
1022 3200 1211 3288 descriptos
1228 3201 1308 3265 ride

257 3286 303 3347 sis
324 3283 414 3369 apud
435 3283 626 3349 Fabricium
649 3282 685 3347 B.
697 3279 759 3346 Gr.
774 3281 974 3368 T.111.p.63
1003 3309 1093 3374 sqq.,
1116 3300 1150 3351 et
1164 3283 1308 3351 Mahni-

251 3390 313 3433 um
332 3370 370 3433 iu
382 3369 537 3435 Diatriba
549 3370 590 3433 de
600 3369 831 3448 Aristoxeno,
855 3305 1000 3435 Anrstei.
1017 3374 1107 3462 1795.
1120 3373 1150 3437 8.
1170 3382 1307 3440 exstant

248 3452 431 3543 Ἀρμονιῶν
452 3455 625 3543 στοιχείων
642 3460 712 3520 sive
732 3456 994 3522 Elementorum
1023 3458 1307 3526 harmonicorum

252 3542 337 3606 tibri
357 3552 446 3619 tres,
479 3560 600 3626 graece
623 3548 776 3628 primum
803 3540 884 3606 editi
913 3563 992 3607 cum
1025 3540 1243 3613 Nicomacho
1272 3556 1308 3610 et

123 3630 126 3637 ⁴
255 3629 326 3718 Aty
352 3629 399 3699 io,
421 3627 565 3692 Musiris
583 3634 641 3713 qui
655 3630 762 3692 serius
778 3629 950 3707 vixerunt,
973 3631 1130 3718 notisque
1146 3632 1308 3699 illustrati

250 3712 296 3779 'ab
306 3651 541 3794 liiMeursio,
565 3713 677 3801 Lugd.
689 3715 764 3779 Bet.
778 3713 870 3782 1616.
882 3718 913 3779 t.
937 3714 1062 3784 dehinc
1083 3720 1191 3782 multo
1204 3740 1307 3785 accre-

251 3799 358 3864 ratius
380 3820 459 3864 cum
482 3820 569 3864 nova
590 3803 747 3867 versione
768 3800 824 3864 lat
842 3803 971 3889 vulgati
991 3828 1009 3868 a
1027 3805 1083 3869 M.
1099 3804 1304 3871 Meibomioz

195 3888 201 3901 ⁸
254 3886 429 3972 Antiquae
442 3886 592 3953 Musicae
608 3884 779 3953 Auctores
790 3885 867 3952 Vll.
888 3891 1025 3977 (additis
1038 3890 1189 3972 Euclide,
1209 3890 1307 3957 Gau-

256 3974 392 4051 dentio,
413 3972 563 4039 Baccbio
583 3987 617 4037 et
631 3974 783 4039 Aristide
795 3974 1021 4055 Quintiliano,
1038 3996 1116 4040 cunr
1135 3978 1306 4045 Marciani

258 4056 306 4122 Ca
334 4059 428 4139 ellae,
445 4061 541 4124 latini
554 4060 741 4148 scriptoris,
762 4061 850 4127 libro
862 4083 954 4126 nono
972 4110 981 4141 ,
1004 4062 1306 4134 Amstelod.1b'52.

254 4144 297 4210 ll»
309 4082 442 4209 iolla
454 4186 496 4230 ··,
518 4147 696 4211 Praeterea
718 4161 789 4214 tres
811 4145 852 4211 de
870 4065 1031 4238 rlrytimo
1055 4151 1125 4215 sive
1140 4152 1306 4218 Elemen-

259 4240 375 4298 torum
391 4231 671 4321 rhythmicorum
688 4235 797 4302 libros
814 4236 996 4323 scripserat
1015 4238 1265 4320 Aristoxenus,
1288 4261 1307 4305 a

1055 4341 1096 4411 27
