2942 4875
499 429 888 498 rsvssrrss
1067 417 1070 424 ’
1174 431 1220 520 Q

267 604 346 639 serm
361 584 455 638 Germ.
464 605 533 638 rere.
550 591 578 639 in
584 591 616 640 Ε.
623 589 661 641 A.
672 591 721 640 W.
735 587 949 639 Zimmermauni
961 585 1082 637 Annalen
1095 584 1178 651 egee
1211 621 1220 638 .

270 677 297 707 n.
305 654 636 724 stetistieltenWisseuscls.
647 656 714 706 Part.
723 655 743 705 l.
754 670 825 722 1790.
834 655 859 706 8.
869 680 901 691 -
921 651 1045 706 Gar-aeliu
1057 654 1161 704 Extreit
1174 604 1221 705 di·

269 723 434 774 Rechsrehes
450 740 494 773 aur
512 725 539 773 le
556 724 676 791 Systeaue
693 722 885 792 gdograplaique
909 721 941 771 de
961 719 1045 771 llario
1065 719 1099 770 de
1111 721 1175 786 Tyr.
1194 736 1222 774 v..

270 791 364 840 lemn.
388 789 434 840 des
451 790 566 856 Sparsus
587 807 659 856 ¹79¹·
683 804 750 855 part.
768 787 830 838 xli.
855 808 880 853 p.
894 804 943 853 7¹9
957 805 1015 854 sqq.
1029 812 1062 823 -
1082 788 1222 839 Gatterm'

271 857 405 906 Sarmatae
423 856 571 922 Europaei,
598 871 650 907 tres
669 856 875 923 disputationes,
902 858 930 907 in
949 854 1140 907 commentatt·
1160 854 1222 908 San.

271 923 393 988 Gotting.
413 923 516 974 T.Xil.
538 923 610 992 1795.
626 940 652 973 s.

619 1052 660 1144 .§.
689 1056 760 1139 ¹⁴7·

238 1190 321 1255 Post
345 1191 580 1256 Ptolemaeum
614 1190 793 1255 universae
816 1190 952 1277 quidem
981 1189 1226 1278 Geograplriae

172 1280 298 1343 vetoris
326 1280 485 1341 scientiae
510 1279 621 1352 nulla,
651 1300 670 1341 a
694 1278 834 1341 Graecis
859 1290 969 1355 certe,
1002 1278 1101 1341 allata
1124 1280 1227 1366 11ch

174 1389 250 1429 mus
262 1368 490 1429 incrementat
513 1367 571 1428 sed
594 1375 709 1428 tamen
722 1374 908 1451 supersunt
931 1366 1060 1450 aliquot
1071 1373 1226 1430 auctores

174 1476 245 1516 non
270 1450 534 1530 contemnendi,
564 1451 624 1537 qui
646 1450 962 1536 autentiqaiorum
985 1461 1018 1512 et
1042 1450 1227 1515 Ptolemaei
1251 1489 1253 1496 ι

174 1543 314 1604 inventa
336 1538 563 1622 collegerunt,
599 1539 636 1602 in
650 1538 888 1623 'epitomasque
910 1537 965 1601 vel
991 1537 1093 1602 etiam
1114 1537 1228 1602 lexica

66 1637 68 1640 ’
175 1625 402 1709 redegerunt,
428 1634 488 1688 aut
504 1625 716 1709 singularum
739 1626 920 1710 regionum
941 1634 1178 1710 terrarumque
1194 1632 1229 1688 et

176 1711 388 1801 populorum
407 1720 580 1775 accuratas
603 1711 848 1798 descriptiones
868 1710 1064 1795 vulgarunt
1087 1709 1246 1774 Horum·

175 1800 336 1886 princeps
365 1808 415 1862 est
437 1796 636 1863 Pausanias
659 1797 761 1884 vulgo
785 1796 990 1885 Cappadox,
1022 1808 1056 1860 et
1078 1796 1229 1862 Herodis

175 1886 284 1952 Attici
317 1884 461 1952 rhetoris
495 1883 678 1969 discipulus
708 1885 864 1966 habitum
897 1905 1001 1971 qnam
1028 1884 1230 1968 opinionem

176 1969 474 2059 nuperrefotasit
499 1970 660 2050 Siebelis,
694 1971 746 2034 rir
767 1972 1002 2047 doctissimus,
1034 1970 1072 2034 in
1095 1970 1229 2059 prolus.

174 2057 302 2124 schol:
343 2057 511 2141 Quaestio
540 2056 582 2120 de
603 2057 801 2125 Pausaniae
823 2058 1030 2147 Periegetoe
1076 2058 1174 2123 utris
1195 2069 1231 2123 et
1322 2121 1330 2136 x

174 2156 294 2212 aetate
314 2155 350 2209 et
368 2145 482 2233 qualis
504 2144 656 2230 scriptor
677 2168 748 2210 esse
767 2146 929 2211 sidentur
950 2144 1008 2208 hio
1061 2144 1232 2210 suemus

102 2231 113 2258 ’
175 2232 483 2318 Budiss.1819.4.;
504 2230 579 2314 ipse
597 2230 638 2293 iis
658 2232 864 2309 assentiens,
888 2235 945 2316 qui
993 2239 1069 2294 ente
1087 2228 1230 2318 Lydum

65 2365 80 2385 .
175 2316 281 2384 fuisse
305 2326 505 2402 putant3-
528 2315 730 2395 historicus,
764 2315 882 2381 rhetor
911 2326 946 2378 et
1000 2316 1230 2392 rammaticus,

179 2406 278 2469 cuius
302 2415 390 2467 aetas
413 2403 449 2466 iu
470 2402 639 2466 Hadriani
662 2412 696 2465 et
713 2405 975 2469 Antoninorum
1002 2414 1155 2488 tempora
1176 2402 1231 2467 in-

179 2490 272 2557 cidit
318 2491 364 2566 ls,
398 2498 552 2553 veterum
584 2488 826 2557 historicorum
855 2490 1054 2575 exemplum
1083 2498 1231 2568 secutur,

207 2591 259 2641 ost
290 2577 492 2661 longinquas
516 2577 823 2661 peregrinationes,
866 2577 1006 2665 grandis
1035 2577 1102 2640 iam
1135 2587 1230 2655 natu,

128 2696 130 2703 s
180 2602 232 2729 il.
254 2663 398 2728 Aurelio
418 2665 624 2747 imperante,
651 2665 740 2729 circa
761 2687 791 2729 a.
818 2671 888 2751 ¹7⁴·
917 2664 1090 2733 Graeciae
1111 2661 1232 2728 Euro-

177 2773 289 2841 paene
301 2748 569 2837 descriptionem
582 2746 604 2837 (¹
605 2747 787 2829 Ελλάδος
809 2749 1091 2839 περιήγησιν),
1112 2770 1232 2813 rerum

181 2844 332 2902 maxime
363 2829 634 2900 memorabilium
667 2837 945 2914 refertissimam,
983 2840 1100 2905 decem
1131 2834 1232 2902 lieri·

180 2921 348 3000 coniecit,
380 2944 465 3008 quos
497 2923 740 3009 aregionum,
778 2945 841 3013 per
896 2947 954 2986 oss
983 2924 1049 2987 iter
1076 2921 1233 2999 instituit,

180 3008 460 3076 memorabilibus
480 3011 669 3097 inscripsit,
698 3011 833 3090 Attica,
888 3008 1093 3086 oriuthiaca,
1115 3010 1233 3076 Laco-

182 3098 276 3173 nica,
292 3098 497 3178 Messenios,
519 3095 653 3173 Elissa,
675 3098 848 3177 Achaica,
865 3095 1232 3175 Arcadioaffloeotioa,

182 3183 344 3249 Phocion.
367 3181 491 3268 Operis
515 3184 616 3247 huius
635 3185 855 3272 geographici
877 3196 910 3250 et
923 3185 1077 3250 historici
1099 3184 1232 3272 prima-

182 3270 275 3335 rium
298 3270 481 3334 consilium
504 3279 537 3332 et
559 3283 804 3356 argumentum
824 3272 861 3336 in
884 3272 1082 3338 enarrandis
1105 3269 1232 3336 artium

185 3355 412 3433 Graecarum,
430 3354 704 3436 Architecturae,
726 3359 900 3441 picturae,
919 3358 1138 3447 sculpturae,
1153 3376 1234 3420 mo·

183 3445 357 3508 sumentis
387 3455 561 3520 versatur,
593 3465 655 3513 nec
677 3443 912 3526 diffitendum,
945 3444 1097 3511 fructum
1130 3458 1232 3529 quem

183 3553 226 3594 ex
252 3531 393 3594 lectione
416 3531 487 3594 eius
503 3532 681 3619 studioque
705 3534 816 3620 capiat
836 3535 1044 3621 antiquitatis
1067 3532 1232 3605 curiosus,

182 3617 258 3683 fore
275 3616 528 3704 plenissimum,
553 3619 628 3681 siin
641 3640 774 3683 summu
787 3643 904 3686 rerum
926 3627 1042 3709 copia,
1062 3619 1232 3692 varietrle,

182 3705 411 3784 iucunditate,
433 3704 592 3768 subtilior
611 3708 788 3791 scriptoria
807 3708 978 3784 doctrina,
1001 3705 1237 3789 orationisque

183 3791 305 3856 leniter
328 3790 463 3855 liuentis
486 3794 727 3877 perspicuitas,
761 3797 906 3860 suavitas
928 3805 961 3858 et
978 3793 1143 3881 elegantia
1163 3790 1233 3853 mi·
1261 3804 1265 3813 ’

183 3902 248 3943 nias
266 3879 387 3942 crebro
411 3876 629 3941 desideretur.
680 3882 847 3947 Herodoti
870 3884 1000 3970 stylum
1027 3876 1233 3946 imitandum

182 3966 247 4029 sibi
271 3968 504 4053 proposuisse,
537 3977 631 4050 putat
656 3968 813 4038 Siebelia.

254 4056 386 4118 Graece
408 4054 561 4140 primum
589 4052 676 4117 edita
698 4069 749 4121 est
769 4057 955 4119 Pausaniae
982 4052 1169 4140 Periegeais
1190 4046 1232 4113 ab

184 4138 279 4205 Alsa
292 4139 480 4218 illusistis,
503 4150 642 4202 curante
655 4141 785 4207 Marco
797 4142 949 4209 Murato
962 4138 1134 4223 Cretensi,
1157 4139 1232 4206 Ve-

985 4248 1021 4292 ta
