2942 4875
276 469 322 536 50
412 494 417 502 ·
461 433 1133 529 'transmarinarumve

277 639 379 783 itt:
398 616 1340 792 tttttttttttt‘tttttttttttttthtt

278 796 315 859 iu
334 793 373 857 Β.
386 791 450 856 Gr.
468 791 511 854 T.
524 790 583 854 Ill.
595 812 629 875 p.
644 791 784 856 32-53.
806 791 1024 855 Nobilissimi
1043 803 1078 855 et
1095 793 1233 876 reliquis
1253 816 1342 878 par·-

279 882 342 946 tim
363 876 430 942 fide
453 871 625 963 digniores
643 875 801 957 fueruat,
826 887 957 962 praeter
974 879 1211 943 Ptolemaeum
1223 880 1338 964 tagi,

279 966 433 1052 Aegypti
453 985 586 1048 regem,
622 970 652 1048 ι)
670 966 910 1052 Hieronymus
932 965 1134 1029 Cardianus
1154 971 1184 1045 (a
1207 963 1339 1030 Cardia

280 1053 487 1117 Chersonesi
509 1049 678 1114 Thraciae
706 1051 793 1113 urhe
822 1051 929 1136 patria
956 1050 1096 1134 dictus),
1129 1051 1338 1116 Alexandro

278 1139 441 1226 aequalis,
464 1137 635 1203 Eumenia
654 1137 784 1222 (itidem
799 1136 970 1217 Gordiani,
991 1149 1026 1199 et
1044 1138 1134 1201 iuter
1153 1139 1256 1201 duces
1277 1139 1335 1202 vel

278 1229 455 1291 ministros
489 1223 684 1287 Alexandri
715 1222 948 1300 celeberrimi,
990 1225 1086 1288 cuius
1116 1236 1152 1288 et
1178 1225 1340 1290 Diodoti

279 1309 466 1400 Erythraei
486 1310 737 1398 Eplremericlea
756 1311 828 1376 sive
850 1311 1008 1375 Diarium
1030 1332 1148 1375 rerum
1177 1312 1220 1374 ab
1244 1311 1338 1375 Ale·

279 1402 415 1464 xaudro
449 1407 621 1483 gestarum
643 1395 758 1460 laudat
779 1398 978 1462 Athenaeus
998 1397 1046 1461 X.
1066 1420 1099 1485 p.
1111 1399 1204 1485 edlu)
1228 1395 1336 1462 fami·

184 1561 196 1568 ⁴
277 1485 501 1564 Uerissimus,
541 1482 632 1547 idem
666 1480 829 1547 historiae
869 1505 1106 1548 successorum
1138 1484 1337 1551 Alexandri

280 1582 417 1653 auctor,
447 1571 485 1634 in
515 1591 582 1655 qua
609 1568 782 1655 Antigoni
806 1571 967 1658 partibus
988 1572 1133 1636 nimium
1162 1570 1335 1636 studuisse

280 1660 424 1737 dieitur,
457 1667 609 1722 ceterum
634 1657 781 1743 scriptor
801 1658 1037 1741 gravissimus,
1060 1660 1157 1721 euius
1180 1661 1335 1721 auctori-
1452 1687 1453 1718 r

277 1743 1043 1917 tttttt?tthtttttilttttltt..¹2¹
1053 1744 1334 1912 tiit-..titt

277 1940 418 1983 anuum
438 1917 534 1981 libris
546 1913 687 1980 XVIII·
767 1960 775 1979 .
799 1914 851 1979 ΟΕ
865 1917 909 1981 F.
924 1915 1088 1983 Sestinum
1108 1919 1143 1980 in
1165 1919 1270 1982 Mem.
1287 1919 1333 1982 de

275 2004 409 2070 l’Acad.
430 2002 490 2067 des
510 2002 616 2068 lnscr.
637 2000 795 2065 'r.x1x.
819 2025 852 2090 p.
864 2004 916 2067 50.
941 2004 1159 2070 Heerenr'nm
1178 2005 1233 2068 De
1248 2004 1333 2068 sou-

276 2094 367 2157 tibus
397 2101 431 2154 et
464 2090 665 2153 auctoritato
696 2089 843 2153 vitorum
873 2089 1062 2177 parallelar.
1091 2092 1270 2160 Plutarchi
1292 2098 1331 2155 in

278 2178 415 2243 (lorum.
441 2186 569 2240 recent.
589 2174 667 2239 Soc.
695 2176 814 2242 scient.
840 2173 993 2263 Gottiug.
1027 2177 1109 2240 Vol.
1131 2176 1189 2242 ΙΙΙ.
1222 2175 1330 2242 Closs.

275 2265 409 2330 Histoe.
433 2273 468 2327 et
491 2259 617 2327 Philol.
645 2283 678 2362 p.
697 2259 741 2326 68
752 2279 826 2348 sqq.
845 2305 889 2319 -
937 2264 976 2327 C.
996 2264 1168 2330 Matmert
1194 2268 1231 2327 in
1258 2266 1334 2329 Ge-

274 2350 428 2416 ecln'clrte
458 2348 520 2414 der
556 2348 829 2413 unnattellinren
862 2347 1086 2439 Nachsolger
1112 2351 1333 2416 Alexander-e

302 2439 397 2505 nos.
418 2474 459 2491 -
484 2441 516 2524 a)
537 2434 778 2513 Aristobnlas,
801 2433 993 2501 Alexandri
1014 2460 1147 2509 comas.
1170 2460 1271 2526 quem
1292 2440 1332 2503 in

277 2462 420 2589 historia
452 2523 494 2586 de
526 2521 719 2585 Alexandri
749 2522 968 2609 expeditione
996 2546 1077 2609 prae
1108 2526 1228 2588 ceteris
1260 2523 1331 2588 fide

275 2611 468 2697 digniorem
490 2621 647 2672 secutum
667 2630 702 2671 se
723 2627 795 2672 esse
824 2610 891 2673 scri
918 2619 1028 2674 torem
1058 2611 1235 2696 profitetur
1255 2611 1332 2675 Ar·

274 2699 400 2763 cianus.
446 2695 482 2784 ὅ)
500 2694 862 2781 Marsyael'allaens,
922 2696 1075 2770 lexsudri
1096 2699 1332 2762 contuberna-

274 2784 335 2862 lis,
357 2792 392 2846 et
409 2781 578 2932 Autiglppi
601 2782 689 2866 regis
711 2779 833 2860 frater,
856 2783 915 2870 qui
936 2783 1250 2851 Macedonicarum
1271 2804 1332 2849 re·

274 2891 353 2935 rum
381 2868 487 2932 libros
563 2914 572 2944 ,
612 2879 648 2931 et
677 2865 804 2930 tibrum
833 2868 891 2945 de,
905 2869 1111 2936 educatione
1131 2871 1333 2941 Alexandri

274 2958 467 3045 scripserat.
489 2953 535 3022 V.
547 2954 668 3017 Suidas
690 2963 723 3018 at
740 2953 883 3018 Vossius
900 2953 941 3019 de
960 2956 1092 3021 Histor.
1110 2957 1250 3022 Graecis
1270 2958 1331 3024 l.l.

274 3065 305 3107 o.
319 3061 368 3107 ιο.
405 3048 439 3124 a)
461 3040 665 3106 Hecataeus
681 3039 872 3120 Abderita,
895 3043 1013 3107 itidem
1033 3040 1226 3110 Alexandri
1242 3064 1331 3109 con·

274 3132 387 3195 victor
406 3137 440 3190 et
465 3127 651 3191 Ptolemaei
671 3126 759 3211 Lagi
778 3148 910 3206 comes,
942 3127 1163 3197 historiarum
1182 3145 1216 3197 et
1237 3133 1331 3196 anti·

275 3218 443 3302 quitatum
476 3213 708 3279 Iudaicarum
740 3214 904 3299 scriptor,
938 3237 1074 3304 exque
1099 3239 1220 3306 opere,
1258 3241 1329 3283 nna

274 3322 353 3366 cum
385 3300 506 3364 ceteris
536 3320 622 3386 quae
651 3299 758 3363 modo
778 3301 989 3366 laudavimus
1028 3303 1069 3367 de
1098 3305 1223 3384 erdito,
1254 3303 1331 3369 fra-

273 3399 430 3474 gmenta,
450 3408 470 3449 a
489 3387 639 3475 loseplro
661 3397 809 3465 servata,
832 3409 866 3451 se
911 3390 1012 3452 ratim
1033 3327 1181 3478 vuigorit
1201 3393 1331 3457 Petrae

268 3473 675 3540 ·Zorntsss.-Hecataet
695 3474 826 3540 Abder.
848 3410 1007 3564 angae
1036 3499 1114 3541 cum
1142 3486 1231 3543 notis
1258 3476 1329 3543 los.

273 3561 439 3644 Scaligeri
461 3579 591 3643 suoque
609 3562 857 3625 commentario
869 3573 1049 3648 perpetuo,
1072 3567 1220 3634 Altoase
1235 3566 1330 3646 ¹73⁰·

271 3649 302 3713 8.
338 3646 404 3711 Sed
423 3645 683 3732 supposititium
697 3646 863 3711 Hecataei
884 3647 1008 3714 librum
1030 3672 1121 3730 esse,
1143 3664 1221 3739 post
1242 3653 1331 3715 Sca-

269 3735 434 3818 ligarum,
458 3732 586 3797 iudicat
607 3731 843 3798 Eicltlrorniua
860 3733 903 3800 V.
915 3734 986 3802 Cel.
1004 3737 1042 3801 in
1064 3740 1217 3827 Allgem.
1232 3739 1329 3804 Bitt

207 3886 214 3893 ,
269 3821 331 3885 clar
359 3817 547 3885 billischen
568 3818 775 3885 Litteratar
808 3821 900 3884 Paro
913 3823 957 3887 V.
991 3846 1045 3891 nr.
1063 3825 1093 3888 3.
1118 3865 1160 3877 -
1206 3826 1329 3890 Minus

269 3904 557 3971 commendantur
577 3903 764 3988 veteribus,
788 3916 861 3972 tum
880 3911 1122 3984 enarrationis
1135 3912 1226 3991 lide,
1249 3921 1330 3975 tum

265 3994 307 4055 ab
331 3993 535 4058 elocutionis
556 3991 720 4079 gravitate
748 4001 781 4056 et
814 3996 1048 4083 simplicitate,
1087 3997 1329 4077 Callisthenie,

263 4070 462 4145 Aristotelis
486 4077 684 4144 consobrini
704 4091 739 4146 et
756 4076 949 4147 Alexandri
965 4085 1122 4165 comitis,
1144 4083 1329 4150 abeodem
1452 4138 1453 4163 .

260 4187 351 4256 rege·
367 4165 552 4232 crudeliter
584 4165 728 4257 necin,
746 4167 929 4279 historiae3
963 4170 1214 4259 Megasthenes
1243 4169 1329 4236 libri
