2942 4875
360 1318 1024 1408 PRAEMONENDA.
1097 1239 1106 1262 ·

173 1663 393 1796 Hieroma
407 1728 620 1795 Graecorum
636 1738 670 1793 at
682 1723 924 1792 Romanorum
944 1726 1141 1807 litteraria,
1165 1748 1223 1792 ae·

174 1836 264 1897 tium
283 1855 321 1897 ao
343 1832 593 1910 doctrinarum,
616 1831 706 1919 apud
724 1842 905 1917 utramque
926 1841 1062 1916 gentem
1088 1853 1223 1896 sermo-

174 1941 219 1985 ne
239 1925 414 2005 scriptisve
425 1919 637 1997 traditarum,
655 1919 801 2006 exponit
816 1918 934 1995 initia,
944 1940 1143 2006 processus,
1167 1920 1226 1983 in-

174 2018 367 2084 crementa,
391 2028 428 2070 re
454 2029 582 2084 reatus,
606 2005 795 2094 (iescam,-
818 2005 939 2068 additis
952 2006 1077 2084 causis,
1101 2002 1225 2092 quibus

174 2114 325 2178 quaeque
349 2113 391 2155 ex
411 2029 478 2156 aiio
495 2093 532 2155 in
546 2092 638 2154 uliud
657 2090 856 2156 vicissitudo
877 2101 976 2176 atque
1002 2096 1147 2155 mutatio
1169 2090 1225 2155 ef-

176 2180 265 2244 fecta
287 2180 345 2242 sit:
378 2192 562 2245 auctorum
591 2178 836 2257 celebriorum,
867 2199 1012 2264 quorum
1034 2178 1226 2265 scriptave!

175 2275 318 2329 aetatem
342 2264 510 2342 tulerunt,
533 2264 590 2329 vel
609 2266 647 2329 in
673 2264 856 2350 deperditis
880 2273 1123 2343 numerantur,
1159 2286 1225 2327 no-

173 2359 268 2417 mina
289 2353 431 2429 excitat,
460 2361 603 2415 aetatem
619 2349 756 2427 definit,
779 2351 885 2416 vitum
907 2350 1055 2413 breviter
1072 2361 1226 2416 enarrat:

174 2463 317 2529 operum
346 2460 432 2524 quae
462 2439 679 2522 reliquerunt
714 2436 783 2524 agit
799 2459 996 2513 recensum,
1020 2452 1224 2524 argumenta

153 2527 301 2612 aperit,
336 2532 453 2613 spuria
480 2548 499 2587 a
525 2526 691 2612 genuinis.
710 2525 874 2603 secernit,
906 2525 1046 2586 virtutes
1077 2546 1116 2589 ac
1144 2527 1227 2592 vitiu

174 2613 365 2700 ponderat3
394 2609 545 2676 subiecta
574 2613 767 2712 potiorum,
797 2620 870 2672 tum
899 2609 1071 2673 librorum
1100 2633 1226 2676 manu·

177 2700 406 2784 scriptorum,
437 2707 510 2761 tum
534 2696 741 2778 editionum,
776 2695 1122 2781 commentariorum,
1144 2720 1226 2776 rer-7

176 2786 334 2866 eiouum,
356 2785 475 2851 critica
495 2784 628 2850 notitia.

660 2955 740 3048 §a

241 3131 360 3212 Quum
379 3129 540 3195 historiae
556 3131 659 3195 huius
678 3128 864 3195 tradendae
881 3129 996 3218 plures
1018 3132 1087 3196 sint
1100 3140 1226 3223 etpos-

175 3219 241 3284 sim
271 3215 494 3281 adhibeantur
518 3218 684 3281 rationes:
716 3216 819 3302 longe
841 3219 964 3282 melior
988 3217 1222 3306 historiaeque

176 3309 320 3370 nomine
343 3304 478 3390 dignior
505 3325 543 3367 ea
571 3303 725 3379 videtur,
760 3325 845 3388 quae
871 3314 1066 3392 temporum
1094 3306 1226 3384 ordine,

181 3389 294 3477 quoad
314 3388 387 3453 eius
407 3389 481 3454 fieri
500 3401 625 3476 potest,
648 3399 798 3468 servato,
819 3411 936 3455 rerum
948 3390 996 3475 Jac
1019 3394 1228 3479 scriptorum

177 3477 330 3563 copiam,
352 3477 389 3540 iu
403 3488 508 3540 certas
518 3487 652 3545 aetates
660 3476 882 3562 descriptam,
904 3478 951 3539 ita
971 3476 1104 3563 digerit,
1114 3492 1151 3543 ut
1162 3502 1227 3542 eu·

180 3565 305 3653 iuaque
326 3563 454 3628 aetatis
475 3574 653 3627 auctorum
671 3563 796 3627 claaeea
819 3560 1066 3643 conficiantur,
1098 3587 1139 3627 eo
1161 3586 1221 3625 or-

180 3649 260 3715 dine
280 3649 477 3715 seinvicem
497 3649 722 3737 excipientes,
748 3670 816 3735 quo
834 3650 1075 3736 unaquaelibet
1095 3650 1137 3713 ad
1154 3650 1222 3717 aliu

179 3737 373 3802 litterarum
393 3756 517 3821 genera
536 3733 762 3823 perficienda,
793 3736 1053 3825 studiorumque
1079 3738 1226 3804 rationes
1271 3774 1276 3779 ·

175 3822 344 3889 ineundas
370 3822 427 3886 vel
449 3821 678 3886 immutandas
706 3824 895 3889 maximam
921 3825 992 3892 vim
1016 3820 1184 3891 habuerit.

116 4020 122 4032 ·
212 3993 290 4068 Aug.
308 3994 461 4050 Matthiae
476 3994 606 4048 Prolueio
627 3997 662 4050 de
681 3992 800 4049 historia
819 3996 942 4052 litterar.
979 3998 1112 4053 Graecar.
1127 4014 1223 4054 secun·

205 4060 211 4079 “
267 4065 334 4118 dum
358 4076 462 4119 aetates
495 4082 527 4117 ae
546 4076 673 4136 tempora
697 4081 748 4121 rua
764 4064 914 4139 descripte.
933 4066 1002 4127 Via.
1021 4066 1141 4124 Miscet.
1162 4068 1228 4125 Pbi=

268 4132 351 4206 lulag.
368 4132 435 4191 21.
452 4150 613 4206 p.217sqq.
722 4148 726 4155 “

1000 4232 1016 4276 2
