2942 4875
439 445 651 497 arcuna.
686 444 912 494 arcanus
1158 426 1200 517 ⁵7

152 614 306 671 vocatur.
361 600 482 666 Potior
510 613 624 686 tamen
658 625 737 688 pars
765 593 886 667 eo‘rum
916 597 1020 663 fuisse
1053 597 1198 678 videtur,

154 713 239 776 quae
253 690 442 778 parthenia
467 688 538 752 scil.
552 687 692 777 ᾄσματα
710 689 941 773 appellantur,
964 685 988 752 e·
1008 687 1045 749 αἱ
1063 688 1200 769 παρθέ-

151 799 207 843 νοι
227 769 314 865 ᾖδον
335 798 423 863 qnae
441 775 594 863 virgeben
613 777 781 854 cecinere,·
805 774 895 859 qnod
915 796 931 836 e
956 776 1022 836 vita
1039 782 1073 833 et
1093 776 1202 835 mori·

152 861 219 927 bus
238 861 443 924 feminarum
467 864 558 949 apud
578 862 692 926 Dores
713 861 991 945 intelligendum:
1017 857 1106 920 unde
1119 857 1202 921 Cle-

150 947 262 1015 menti
281 946 380 1011 Alex.
409 949 537 1011 Strom.
558 948 581 1011 l.
599 970 631 1033 p.
653 945 716 1012 308
742 950 866 1013 chorea
888 949 930 1010 ab
945 946 1113 1011 Alcmene
1133 945 1201 1010 ini-

150 1037 244 1098 tium
268 1033 403 1098 duxisse
423 1033 632 1135 perhibetur.
680 1035 819 1113 Quanta
840 1056 922 1098 vero
945 1056 962 1094 a
991 1032 1037 1095 ud
1057 1030 1200 1117 Sparta·

151 1141 217 1185 nos
239 1119 320 1184 olim
345 1119 474 1184 luerint
494 1127 693 1185 auctoritate
717 1121 896 1185 Alcmanis
917 1057 1017 1205 pelle,
1060 1138 1144 1203 quae
1163 1118 1208 1188 iu.

151 1207 266 1357 plures
285 1207 390 1271 libros
417 1214 491 1289 (sex
511 1210 748 1287 numerantur)
770 1218 887 1295 postea
908 1207 958 1270 dis
984 1205 1079 1267 ertita
1107 1203 1201 1288 lege-

177 1303 292 1372 retur,
334 1293 495 1357 discimus
521 1315 539 1357 e
569 1293 758 1357 Plutarcho
789 1295 825 1356 in
856 1299 925 1357 vita
958 1227 1129 1378 ldycurgi,
1167 1298 1202 1352 et

153 1390 363 1467 quantopere
388 1377 523 1442 Criticis
552 1390 587 1442 et
616 1377 856 1443 Grammaticis
889 1379 1034 1442 lectitata
1062 1376 1199 1454 hierint,
1280 1433 1284 1440 .

153 1487 265 1554 nuper
282 1468 474 1530 docuerunt
494 1463 631 1529 Scholia
656 1466 788 1528 Veneta
811 1466 850 1528 ad
879 1465 1025 1528 Homeri
1047 1462 1198 1526 iliadem.

153 1552 419 1617 Commentariis
436 1557 538 1614 etiam
556 1572 711 1616 seorsum
726 1551 823 1613 editis
842 1551 883 1613 de
895 1550 1079 1638 Alcmene,
1102 1549 1200 1612 cuins

150 1661 279 1704 nornen
291 1637 402 1724 lyrico
413 1636 546 1701 cuidam
565 1647 692 1715 metro,
711 1637 753 1701 ab
766 1660 806 1701 eo
819 1636 871 1699 vel
884 1638 1023 1701 invento
1035 1635 1088 1697 vel
1101 1656 1200 1719 prae-

151 1727 252 1812 tipne
272 1722 506 1808 frequentato,
529 1724 654 1798 haesit,
678 1724 786 1810 egisse
808 1723 1001 1809 accepimus
1030 1721 1201 1784 Dicaear-

151 1813 266 1888 chum,
280 1809 522 1874 Pltiloclrorum
530 1808 1004 1889 Atheniensem‚etSosibinm
1015 1808 1201 1870 Laconem.

149 1898 220 1986 'Sed
239 1897 427 1961 carminum
442 1897 513 1959 eius
531 1897 729 1983 paucissima
747 1895 935 1981 fragmenta
952 1894 1083 1978 vulgata
1101 1902 1200 1954 eraut

151 1983 366 2058 aNeandro‚
406 1982 452 2049 H.
475 1982 645 2068 Stephano
667 1994 700 2046 et
731 1983 868 2048 Ursino.
916 1981 1078 2043 Seorsum
1109 1979 1198 2042 editu

147 2092 268 2156 graece
287 2081 320 2131 et
342 2069 445 2132 latine
468 2071 604 2132 Parisiis
620 2071 710 2135 1586.
736 2089 782 2135 m.
801 2069 917 2132 laudat
936 2067 1144 2131 inorruit-ins
1163 2087 1196 2149 p.

148 2178 223 2220 aar.
257 2155 467 2242 Nuperrime
495 2167 608 2219 autem
637 2156 768 2218 maiore
795 2177 832 2217 ea
864 2156 976 2216 studio
1004 2151 1136 2234 collegit
1163 2161 1198 2213 et

149 2243 323 2308 recensuit
351 2241 567 2318 doctissimus
600 2243 664 2315 Er.
699 2240 764 2306 ΤΙι.
799 2240 1016 2316 Welckerne,
1056 2238 1197 2301 Giessae

150 2329 251 2407 1815,
279 2330 460 2413 quaternis.

216 2414 335 2478 Iunior
372 2416 535 2489 Alcaeus,
578 2434 621 2477 ex
655 2411 821 2499 Mitylene
854 2409 1014 2487 Lesbius,
1049 2406 1194 2497 Olymp.

149 2500 309 2565 Xera.
324 2500 388 2564 Ch.
403 2504 483 2578 600,
512 2500 704 2576 Pittacum,
729 2498 940 2586 Mersilnm,
964 2498 1113 2581 aliosque
1135 2519 1196 2559 nr-
1271 2554 1275 2563 ,

150 2587 203 2651 his
225 2588 351 2673 patriae
370 2597 554 2673 tyrannos,
587 2586 689 2648 armis
715 2590 841 2671 pariter
866 2598 965 2669 utque
987 2582 1195 2647 carminibus

148 2675 348 2747 insectatus,
380 2675 419 2739 in
439 2674 506 2737 hoc
525 2684 630 2772 porte
650 2674 783 2758 operis,
823 2672 1049 2753 Qiar'ritilinno
1071 2671 1194 2746 iudice,

148 2783 255 2826 aureo
282 2760 415 2847 plectro
445 2770 570 2823 merito
602 2758 804 2832 donandus,
838 2779 938 2842 quem
966 2778 1046 2840 prae
1072 2756 1192 2818 ceteris

149 2847 319 2933 expressit
339 2845 516 2909 Horatius.
564 2844 765 2909 Carmiuum
794 2843 865 2906 eius
886 2844 1020 2906 aeolica
1049 2862 1193 2928 compo-

148 2934 293 2999 sitorum
326 2932 494 3006 dialecto,
537 2931 677 3017 quihus,
719 2940 851 3015 praeter
878 2930 1044 3003 Martem,
1077 2931 1194 3001 ¹ctiam

148 3020 341 3099 „Liberum
359 3029 394 3082 et
413 3017 538 3082 Munna
565 3006 801 3105 Veneremque
820 3028 854 3080 et
875 3016 931 3079 itti
953 3038 1087 3102 semper
1108 3017 1193 3079 line-

149 3117 282 3172 renlem
311 3127 457 3190 puerum
490 3105 675 3179 caretate,
716 3125 886 3189 quaeque,
927 3113 1062 3185 praeter
1090 3103 1193 3185 μέλη,

148 3194 251 3256 etiam
271 3186 434 3279 hymnos}
455 3192 584 3266 aeolia,
607 3188 828 3277 ἐπιβατήρια,
858 3189 1043 3275 παρθένια
1057 3198 1089 3249 et
1111 3211 1192 3251 net-

149 3276 226 3344 δικὰ
249 3275 485 3353 continebant,
516 3278 689 3340 decimum
711 3276 837 3340 librum
859 3274 972 3336 laudat
992 3273 1192 3337 Athenaeus

147 3363 231 3452 (XI.
255 3364 319 3454 8.)3
361 3362 546 3426 editionem
580 3364 669 3427 inter
696 3374 823 3425 veteres
851 3370 1014 3422 curarunt
1038 3360 1192 3422 Aristar-

150 3453 238 3516 chus
257 3462 290 3514 et
309 3449 558 3536 Aristophanes
581 3450 784 3535 Byzantium
816 3445 1004 3527 fragmenta
1025 3447 1192 3531 paucissi-

147 3559 223 3616 ma,
247 3556 333 3623 qnae
351 3547 496 3612 restant,
520 3536 731 3620 collegerunt
748 3546 804 3611 ct,
827 3555 905 3596 cum
922 3533 1066 3595 aliorum
1085 3533 1192 3618 Lyri-

149 3647 270 3689 corum
283 3622 449 3709 reliquiis,
465 3620 555 3709 typis
567 3624 753 3707 vulgarunt
764 3621 875 3686 Micia.
887 3618 1063 3692 Neander‚
1081 3620 1190 3682 Henr.

149 3712 364 3812 Stephanus,
389 3709 536 3774 Fulvius
562 3709 731 3781 Vrsinus,
755 3718 787 3771 ct
806 3728 976 3781 scorsum,
1005 3704 1043 3768 C.
1064 3706 1105 3767 l).
1129 3708 1193 3768 In-

147 3802 188 3864 ni
211 3821 248 3861 m
271 3797 381 3862 tribus
408 3793 660 3885 prolusionibus
695 3794 748 3857 De
772 3793 914 3869 alle-neo,
952 3793 1057 3880 poeta
1084 3792 1190 3878 lyrico
1240 3782 1246 3798 ⁸

148 3887 289 3975 eiusque
304 3882 544 3972 fragmenti&
577 3880 685 3944 Halae
706 3881 834 3944 Saxon.
850 3882 932 3964 1780
943 3902 991 3965 sq.
1009 3879 1190 3962 quaternis.

147 3973 242 4051 Quas
267 3971 380 4034 denuo
408 3968 514 4035 edidit
548 3967 611 4032 ΤΙι.
636 3967 698 4034 Fr.
730 3968 901 4053 Stange'ue
926 3965 1034 4029 Halae
1049 3965 1140 4029 1810.
1161 3965 1191 4029 8.

148 4058 218 4122 sed
250 4056 361 4123 multo
387 4058 497 4140 magis
523 4054 712 4139 laudandus
747 4062 797 4115 est
823 4049 1079 4202 Blon‘pfieldr'um
1116 4053 1190 4114 An-

146 4144 242 4232 glns,
280 4149 338 4233 qui
366 4166 477 4233 nuper
502 4143 540 4207 in
568 4141 696 4210 Mune
731 4140 863 4208 Cretico
922 4137 1086 4287 aupabrig.
1102 4140 1192 4203 1814.
