2942 4875
248 428 295 498 30
319 481 321 488 Α
355 485 361 496 ,
393 441 648 495 cousreurutr
669 441 875 494 etruscin.
897 441 1085 497 rnsrvms

248 600 378 650 novem
397 581 648 670 Anthologiam
666 582 834 684 condidit,
861 582 913 689 'ita
934 592 972 647 nt
990 579 1163 683 Agathino
1186 581 1301 668 syllo-

175 836 178 840 ,
248 669 826 843 §tituil'tssiiiltii'fflt
835 669 1299 841 'titilianum

225 932 228 936 .
250 844 391 920 divisio,
414 845 674 932 carminumque
690 844 732 908 nd
752 853 862 910 certos
876 781 992 907 titulos
1007 841 1208 930 descriptio,
1229 845 1295 909 uisi

249 932 342 1018 quod
358 930 396 995 in
413 928 584 1015 Cephalae
600 930 813 1016 Antliologie
833 930 961 1015 singuli
983 929 1062 994 libri
1085 929 1153 992 elio
1174 930 1296 995 ordine

248 1037 286 1082 ae
304 1022 497 1103 excipiunt,
520 1027 553 1080 et
568 1017 737 1083 “naudus
755 1016 923 1102 Agsthiae
934 1013 1070 1082 Κύκλου
1091 1016 1178 1082 liber
1193 1038 1299 1105 pror-

248 1124 306 1170 sus
324 1102 427 1170 deest.
467 1102 547 1167 Hoc
559 1102 727 1189 cephalae
742 1103 945 1191 Syntagme,
966 1124 1009 1166 ex
1028 1104 1188 1167 omnibus
1209 1125 1298 1190 quse

246 1207 345 1342 pprns
366 1181 782 1266 considerantum,
814 1199 957 1253 eetntem
979 1187 1074 1269 tulit,
1109 1190 1146 1254 in
1168 1190 1299 1254 Codice

280 1274 409 1341 eleiino
428 1282 499 1341 sire
517 1274 692 1341 Vetiosno
715 1276 859 1362 emplius
891 1277 1057 1341 ducentos
1080 1286 1157 1340 ante
1188 1298 1298 1341 snnoe

247 1372 438 1451 repertum.
454 1403 499 1420 -
541 1358 699 1448 Denique
727 1360 900 1447 Cepheiae
925 1360 1015 1428 hanc
1045 1361 1298 1449 Anthologiem

247 1448 285 1514 in
307 1453 480 1514 minorem
507 1446 635 1516 molem
661 1449 792 1534 redegit
810 1447 996 1515 Maximae
1020 1447 1194 1518 Planasia
1213 1449 1301 1513 Mo·

247 1535 397 1613 nachus,
420 1532 734 1624 Constantinopoli,
756 1535 979 1621 regnantibus
995 1533 1202 1600 Andronico
1221 1555 1299 1601 nra·

247 1622 325 1688 iore
344 1622 484 1709 eiusque
505 1631 645 1708 nepote,
667 1618 794 1696 florens
809 1621 903 1687 Saeo.
916 1619 1031 1700 ΚΝ,
1061 1641 1221 1709 eamque,
1242 1621 1299 1686 A·

247 1707 382 1795 gathiea
403 1703 541 1796 quidam
561 1709 762 1797 exemplum
784 1719 936 1787 monins,
957 1708 1022 1786 sed,
1039 1707 1143 1792 longe
1161 1707 1300 1773 diverso

250 1806 535 1882 argumentorum
547 1793 679 1873 ordine,
694 1800 956 1883 carminumque
971 1795 1194 1881 dispositione
1204 1814 1301 1877 usus,

247 1881 287 1947 in
306 1893 437 1971 septem
456 1881 563 1946 libros
583 1881 778 1970 descripsit,
800 1901 947 1967 quorum
964 1882 1016 1944 ein
1067 1880 1104 1958 li,
1126 1882 1244 1969 quinto
1262 1895 1299 1952 et

248 1972 396 2056 reptimo
417 1968 584 2055 exceptis,
604 1968 643 2032 in
665 1970 791 2056 cupite,
814 1968 1003 2033 secundnm
1036 1988 1118 2031 coos
1138 1988 1298 2033 commu-

248 2075 325 2134 nes,
347 2056 467 2141 digesti
484 2063 574 2122 eunt.
613 2054 773 2139 Quartus
794 2053 897 2134 liber,
919 2061 977 2141 qni
997 2055 1205 2140 imaginum,
1227 2064 1297 2140 ste*

248 2151 403 2219 tuarum,
435 2141 882 2228 regionnm'deecriptiones
903 2141 1072 2218 continet,
1104 2142 1201 2205 etin
1228 2139 1301 2205 Ce-
1364 2141 1368 2146 “

248 2227 372 2319 phelne
390 2225 543 2314 Sylloge,
566 2226 700 2313 anlem
719 2226 839 2292 Codex
862 2225 1001 2293 exhibet
1020 2227 1212 2312 Peletinns,
1234 2227 1298 2292 de-

249 2313 434 2394 sideretur,
474 2313 622 2401 plurime
651 2314 755 2380 habet
779 2315 1024 2402 epigrammata
1045 2314 1192 2380 Planudi
1212 2334 1299 2401 pro-

275 2402 344 2484 rie,
373 2410 411 2467 ut
430 2399 635 2479 Plenudem,
663 2423 769 2489 quem
788 2422 860 2469 non
881 2401 947 2467 nisi
965 2399 1013 2466 Ce
1042 2399 1136 2467 halae
1155 2399 1296 2466 Antho-

247 2423 1298 2641 tritennariumiro„on

15 2690 17 2699 ·
152 2722 156 2729 .
247 2663 370 2729 iecisse
398 2661 555 2727 ridentur
581 2662 796 2728 doctissimus
817 2662 989 2727 lecobsiue
1015 2662 1050 2727 in
1077 2661 1236 2748 Prolegg.
1260 2684 1297 2752 p.

249 2745 443 2814 LXXXV.
488 2744 668 2831 Ceterum,
691 2750 845 2835 quemvis
865 2749 1035 2834 insignem
1053 2749 1297 2837 Epigramme·

249 2846 344 2912 tum,
376 2854 462 2922 quae
490 2834 534 2900 ad
557 2836 639 2901 ertis
660 2836 818 2926 antiquae
840 2835 1017 2902 historiam
1045 2833 1194 2919 faciunt,
1227 2856 1298 2900 nn-

15 2952 24 2977 n
167 2926 170 2931 '
211 2976 217 2979 .
247 2941 387 2988 morum
405 2942 495 2989 uuus
514 2920 556 2987 eb
583 2921 723 2989 interitu
755 2923 981 2988 vindicaverit
1000 2920 1189 3004 Planudes,
1219 2943 1298 2987 me·

248 3009 319 3074 rito
340 3017 454 3074 temen
474 3008 776 3094 reprehendendus
797 3020 866 3091 est,
898 3010 991 3097 quod
1014 3026 1086 3075 non
1116 3009 1231 3076 nolum
1255 3009 1297 3074 in

249 3094 440 3183 deligendis
460 3097 636 3181 poiterum
657 3096 866 3161 carminibus
880 3095 1046 3178 iudicium
1066 3092 1189 3185 perum
1211 3094 1298 3161 snb·

247 3183 324 3263 tile,
346 3203 387 3249 ac
405 3203 514 3271 paene
533 3181 668 3249 nullum
685 3182 870 3249 venustatis
887 3203 1025 3248 sensum
1042 3183 1213 3271 prodidit,
1235 3180 1298 3247 sed

248 3274 353 3335 etiem
372 3267 481 3336 multe
495 3274 646 3357 optimee
661 3279 763 3335 notse
781 3270 1024 3358 epigrammata
1042 3278 1157 3336 vetere
1170 3267 1298 3350 omisit,

247 3357 287 3424 in
310 3376 501 3445 eorumque
530 3355 648 3421 locum
676 3354 745 3422 elia
773 3357 1089 3423 recentissimorum
1117 3357 1299 3443 poiiternm

247 3443 404 3531 intrusit,
438 3441 545 3511 multe
567 3442 756 3521 mutilavit,
786 3442 893 3510 mults
917 3444 1071 3533 praesui
1089 3441 1219 3528 ingenfi
1239 3450 1297 3506 te·

246 3530 378 3596 nuitate
409 3529 603 3598 emendarit
629 3538 665 3596 et
689 3529 920 3619 interpolavit.
973 3528 1182 3617 Gompilatio
1212 3527 1299 3594 haee

248 3615 450 3701 Penuria,
507 3636 761 3705 rsegreaaernm
782 3617 982 3698 deterrima,
1014 3615 1075 3686 diu
1093 3617 1171 3683 sota
1189 3619 1298 3681 inno·

247 3703 332 3784 tuit,
360 3712 413 3783 at,
444 3640 508 3772 ΟΕ
525 3702 599 3771 fere
626 3704 724 3771 annis
752 3714 934 3794 postquam
964 3700 1161 3770 iPlannde
1185 3699 1299 3768 iuerat

246 3786 422 3941 puniente,
447 3792 503 3857 'nx
529 3790 647 3858 codiee
661 3791 729 3858 lle.
751 3793 905 3881 primum
921 3810 1042 3878 graeca
1063 3789 1154 3855 edite
1181 3797 1235 3854 est
1262 3795 1300 3855 et

265 3877 370 3945 'iteris
395 3877 588 3944 undelibns
604 3878 774 3967 descripta
798 3901 818 3944 e
839 3877 930 3946 Iuno
950 3877 1119 3956 Lnscuri,
1150 3871 1300 3941 Floren-

247 3963 316 4029 tiee
341 3968 378 4032 ri
402 3972 433 4033 t.
456 3970 488 4034 t.
531 3986 654 4054 quem,
705 3966 862 4031 omnium
908 3985 995 4054 ques
1031 3974 1150 4056 postes
1190 3959 1310 4030 isone

250 4060 333 4115 aunt
356 3993 537 4134 editiones,
568 4052 671 4141 longe
702 4053 1042 4138 praestentissimam,
1076 4049 1191 4138 paullo
1219 4056 1301 4138 pest

249 4139 412 4231 repetivit
424 4140 540 4211 Ateio
565 4141 717 4211 venetiis
731 4140 827 4237 1503,
848 4149 881 4211 t.
902 4160 983 4209 eum
999 4136 1230 4209 edditamento
1240 4154 1305 4220 reg
