2942 4875
158 461 160 474 ,
274 422 316 507 74
493 415 718 484 Meuuou
753 414 1111 481 Hanacnnora

277 574 426 635 tinuaaae
443 570 622 648 videntur,
647 568 765 632 Photii
781 578 887 633 aetate
900 569 1039 632 antium
1055 567 1239 645 interiisse,
1264 578 1340 645 aut,
1364 537 1370 550 ⁸

270 667 412 744 propter
443 657 725 743 apographorum
756 656 947 729 raritatem,
982 675 1102 740 parum
1131 656 1339 718 innotuisse,

270 743 572 831 ExcerptaPhotii
590 752 705 804 autem
726 741 906 806 historiam
924 741 1113 804 Heracleae
1134 764 1152 803 a
1171 740 1341 807 Clearclai

273 829 455 908 tyrannide
468 828 625 916 (Olymp.
643 826 739 893 CIV.
754 850 782 891 ι.
794 850 824 892 a.
837 827 902 891 Ch.
918 827 995 912 362)
1011 829 1173 912 usquead
1188 838 1341 891 mortem
1450 873 1451 882 κ

272 916 521 1003 Brithagorae
550 918 700 998 (circiter
723 914 767 978 46
787 937 818 980 a.
844 914 921 1000 Ch.)
944 921 1142 995 continent,
1173 914 1341 992 intextis,

274 1026 336 1068 auo
354 1024 491 1090 quoque
506 1002 603 1080 loco,
627 993 774 1064 aliorum
791 1003 892 1065 etiam
904 1000 1115 1087 populorum
1134 1022 1341 1086 regumque,

271 1100 311 1154 ut
321 1090 574 1174 Bithynorum,
591 1088 821 1168 Mithridatia,
835 1087 1092 1167 Romanorum,
1109 1087 1220 1151 rebus.
1240 1089 1340 1151 Ora-

270 1179 336 1252 tio,
356 1177 432 1262 ipso
449 1172 576 1240 Photio
588 1174 719 1250 iudice,
743 1174 889 1260 simplex
901 1186 934 1238 ct
946 1177 1056 1237 tenuis
1075 1184 1233 1260 astatque
1252 1196 1339 1258 per·

271 1266 405 1350 apicna,
426 1260 529 1324 verba
546 1261 753 1348 plerumque
771 1261 917 1346 optimae
935 1271 1044 1323 notae.
1081 1259 1201 1324 lnsunt
1217 1271 1338 1323 tamen

271 1349 399 1434 passim
421 1361 495 1412 tum
519 1347 713 1412 locutiones
736 1353 884 1411 rariores
908 1357 942 1409 et
965 1348 1133 1434 politicae,
1165 1359 1239 1411 tum
1269 1367 1339 1411 ro·

275 1434 412 1513 cabula,
433 1433 514 1497 licet
535 1453 660 1519 pauca,
697 1454 785 1520 quae
809 1433 1037 1496 recentiorem
1062 1439 1165 1520 inque
1186 1436 1338 1498 deterius

273 1530 473 1605 vergentem
495 1519 729 1585 Graecitatem
757 1522 905 1608 sapiunt.
940 1520 1139 1585 Memnonis
1164 1521 1225 1583 has
1249 1520 1339 1582 reli-

300 1614 387 1683 niaa,
420 1628 439 1669 a
465 1606 589 1671 Photio
612 1618 777 1688 serratas,
807 1608 940 1692 primus
968 1605 1100 1670 Graece
1124 1603 1230 1669 editha
1252 1628 1337 1669 cnm

275 1631 408 1759 durias
433 1703 466 1755 et
487 1692 756 1779 Agatharchidis
772 1693 857 1768 illis,
887 1693 1001 1756 chr.
1023 1693 1241 1781 Stephanus,
1265 1694 1337 1755 Pa-

274 1779 483 1865 riaiis1557.
507 1782 539 1845 8.
563 1781 655 1845 idem
679 1781 812 1859 denuo,
839 1792 873 1843 et
889 1781 998 1841 multo
1023 1781 1228 1858 correctius,
1252 1802 1336 1843 cum

275 1861 398 1932 Latina
411 1868 556 1952 interpr.
574 1867 698 1954 partim
714 1867 758 1928 H.
771 1867 826 1930 Ste
850 1862 951 1940 honi,
973 1868 1094 1949 purtim
1108 1868 1211 1932 haur.
1235 1864 1335 1928 Rho·

204 1979 206 1988 ‘
277 1956 460 2030 domauni,
482 1953 563 2016 ibid.
586 1953 678 2038 1594.
696 1953 726 2014 8.
755 1953 812 2018 Ex
829 1887 1038 2039 hacoptima
1056 1949 1334 2015 editioneGrae·

277 2062 358 2112 cum
389 2048 592 2102 contextum
614 2040 783 2125 expressit
811 2058 919 2123 nuper
951 2039 1006 2101 lo.
1034 2038 1138 2105 Conr.
1168 2037 1333 2118 Orellina,

277 2126 399 2193 additis
421 2126 610 2188 etaliorum
632 2128 840 2210 scriptorum
864 2123 1137 2189 Heracliensium
1160 2128 1216 2210 qui
1238 2125 1334 2186 urbis

279 2220 409 2304 patriae
430 2233 483 2273 res
502 2210 730 2285 illustrarunt,
752 2224 790 2275 nt
805 2210 1038 2361 Npmphidia,
1070 2211 1335 2287 Promethides,

281 2299 442 2366 Domitii
459 2296 673 2375 callistrati,
699 2298 814 2384 paucis
853 2300 1055 2381 tegmentis,
1078 2299 1119 2361 ab
1140 2298 1334 2373 Athenaeo,

281 2385 455 2472 Stephano
470 2385 652 2470 Byzantio,
684 2383 870 2449 Scholiasta
888 2384 1065 2469 Apollonii
1092 2382 1227 2459 Rhodii,
1259 2406 1335 2447 ser-

280 2478 379 2551 vatis,
396 2483 429 2535 et
442 2472 743 2537 Pseudo-catonis
754 2470 976 2535 Heracleotae
988 2472 1175 2559 Epistolia,
1198 2469 1265 2532 hoc
1277 2474 1334 2534 iu-

281 2561 372 2627 dice:
394 2558 596 2624 Memnonia
610 2559 856 2623 Historiarum
867 2558 1064 2621 Heracleae
1080 2558 1186 2623 Ponti
1197 2556 1334 2620 Excer-

277 2659 344 2736 pta
365 2654 496 2709 servata
528 2643 710 2719 aPhctio‚
753 2645 887 2709 Graece
910 2666 987 2707 cum
1009 2668 1094 2707 vers.
1125 2645 1186 2714 tat.
1217 2643 1336 2709 Laur.

279 2732 544 2798 Rhodomauni.
590 2732 772 2796 Accedunt
803 2731 1016 2816 Scriptorum
1046 2729 1350 2794 Heracleotarum·

282 2817 513 2906 Nymphidii,
543 2817 798 2882 Promethidae
819 2827 853 2880 et
875 2815 980 2881 Dom.
1005 2815 1207 2880 Callistrati
1224 2815 1333 2899 Frag-

257 2961 266 2977 ,
281 2913 413 2983 menta,
435 2903 602 2973 Veterum
614 2903 870 2966 Historicorum
888 2903 961 2965 loca
980 2902 1133 2965 derebus
1147 2903 1333 2965 Heracleae

283 2990 401 3066 Ponti,
426 2989 468 3053 Et
486 2990 632 3054 Claionia
649 2989 885 3054 Heracleotae
907 3010 992 3073 qnae
1009 2988 1168 3052 teruntur
1183 2988 1350 3075 Epulo-¹

282 3079 355 3155 lae,
384 3097 463 3139 cum
483 3077 661 3162 interpret.
681 3075 754 3138 Lat.
774 3075 827 3139 Io.
847 3075 987 3139 Ceaelii.
1034 3074 1162 3138 Omnia
1184 3077 1333 3158 collegit,

283 3164 465 3250 disposuit,
489 3168 703 3247 recognovit,
726 3167 815 3225 uotis
836 3162 992 3247 priorum
1017 3161 1244 3248 luterpreturn
1268 3162 1330 3223 (Η.

284 3251 468 3335 Stephani,
496 3248 582 3316 Dur.
604 3247 824 3326 liocschalii,
858 3246 924 3312 loa.
948 3249 1126 3333 Scaligeri,
1159 3249 1222 3312 lac.
1246 3247 1332 3311 Pal·

283 3337 395 3423 mcrii)
419 3340 576 3421 integris,
605 3335 821 3419 aliorumque
844 3345 877 3396 et
897 3335 966 3398 anis
987 3335 1187 3414 illustrarit,
1215 3344 1246 3395 et
1269 3334 1330 3397 lu-

283 3423 393 3487 dicem
411 3420 533 3486 adiecit
563 3423 616 3485 lo.
638 3422 744 3485 Conr.
772 3420 933 3486 Orelliua.
973 3421 1030 3484 Ad
1054 3420 1178 3484 calcem
1202 3421 1333 3483 accedit

283 3510 337 3578 Io.
360 3506 428 3573 Cea
453 3511 510 3573 ari
528 3506 654 3574 Orellii
670 3507 700 3571 Ε
726 3507 822 3570 istola
835 3507 960 3570 Critica
974 3510 1009 3571 in
1021 3506 1190 3595 Epistolas
1207 3508 1333 3570 Socra-

283 3598 366 3662 ticae
383 3532 680 3680 etlythagorica‘a.
695 3531 790 3679 lips.
806 3595 897 3660 1816.
914 3594 1023 3658 8mai.
1034 3637 1076 3649 -
1093 3593 1332 3658 EMemnonis

286 3683 450 3748 Historiis
471 3680 643 3766 Excerpta
660 3680 826 3745 Photiana
854 3679 984 3744 Gallice
1007 3681 1107 3744 vertit
1129 3680 1272 3747 Gadara
1295 3682 1334 3742 in

286 3769 560 3835 Commentarior-
579 3768 746 3834 Academ.
768 3766 940 3852 Inscriptt.
959 3768 1065 3833 Paris.
1083 3765 1312 3832 'l'omoXlV.

748 3902 775 3995 l·
803 3910 873 3992 ¹³a

354 4024 541 4093 Historiam
562 4025 669 4111 gentis
690 4024 866 4088 Romanae
887 4030 1098 4100 universam,
1130 4024 1172 4089 ab
1193 4025 1335 4088 Aeneae

291 4113 468 4178 initaliam
478 4114 625 4178 adventu
634 4111 795 4198 usquead
805 4133 932 4176 anuum
945 4109 992 4174 V.
1001 4109 1039 4175 C.
1048 4110 1125 4199 983.
1134 4132 1169 4198 p.
1180 4110 1244 4177 Ch.
1253 4130 1340 4198 aug,

267 4272 306 4313 1,
