2942 4875
519 458 907 528 Eunrrrnrs.
1184 464 1245 544 159

201 636 357 703 ordinem
376 634 623 723 susquedeque
645 632 837 716 habetest).
862 633 943 714 Quo
954 633 1061 716 magis
1073 632 1172 695 etiam
1191 629 1247 694 in*—

201 724 368 810 telligitur
385 719 891 810 tabularumEuripidisforma
908 723 1021 808 apice,
1045 740 1157 806 quam,
1176 727 1248 781 tra-

201 813 341 896 goediae
358 808 574 875 incunabulis
585 829 648 894 pro
675 807 779 881 riam,
801 808 837 870 in
855 806 1026 894 plerisque
1042 828 1059 867 a
1073 805 1170 890 poeta
1184 823 1249 865 no-

201 907 273 966 atro
295 907 460 961 retentam
481 916 573 975 esse,
596 905 630 958 et
679 895 900 981 relegatum,
923 893 1045 980 quibus
1063 902 1174 956 totum
1193 887 1250 953 fa·

201 983 302 1049 bulaa
322 992 561 1070 argumentum
580 986 615 1045 in
636 981 743 1067 ipsius
765 981 935 1067 principio
957 980 1068 1043 statim
1093 976 1135 1041 ab
1155 988 1251 1039 acto·

201 1092 281 1134 rum
300 1071 415 1159 aliquo
435 1078 590 1135 accurate
612 1070 819 1154 exponitur,
841 1067 1010 1142 inventio,
1028 1075 1061 1129 et
1078 1061 1252 1150 amplissi-

201 1157 503 1224 maenarrntiones
512 1162 612 1220 toties
622 1154 781 1219 inductae
792 1153 866 1218 lure
878 1153 1002 1218 clarius
1010 1152 1255 1216 demonstrant.

207 1244 318 1309 Citari
334 1243 479 1331 denique
498 1253 609 1329 partes
631 1240 836 1330 plerumque
854 1242 902 1302 sie
923 1250 1136 1327 comparatae
1162 1245 1252 1314 sunt,

202 1341 242 1395 ut
258 1331 363 1415 magis
385 1332 426 1394 ad
448 1327 581 1393 fabulae
608 1338 767 1392 ornatum
786 1326 933 1389 adiectae
960 1349 1032 1390 esse
1057 1327 1248 1402 videantur,

204 1437 307 1502 quam
329 1437 408 1481 cnm
431 1420 503 1479 eius
529 1422 732 1499 argumento
750 1412 945 1479 cohaerere:
970 1414 1060 1477 unde
1082 1432 1180 1497 saepe
1202 1407 1251 1484 lit,

203 1517 244 1567 nt
259 1504 389 1565 cantica
406 1501 505 1587 paulo
521 1485 657 1585 longius
676 1499 833 1583 repetita,
855 1519 964 1585 neque
975 1499 1077 1563 rebus
1089 1500 1166 1562 sutis
1177 1506 1253 1578 apta

204 1590 275 1654 sint
306 1609 393 1674 qnae
415 1597 579 1672 aguntur,
612 1606 675 1648 nec
695 1588 849 1672 personis
877 1585 1141 1654 accommodata.
1186 1580 1254 1646 Sed

111 1711 116 1720 ,
204 1674 261 1739 vel
291 1679 341 1738 sic
367 1672 676 1758 ingeniosissimum
704 1672 797 1735 hunc
828 1693 933 1758 aeque
961 1693 999 1735 ac
1019 1657 1256 1741 dulcissimum

204 1760 353 1849 po'e'tam,
369 1769 503 1846 praeter
515 1759 653 1824 virtutes
670 1780 753 1860 quas
770 1780 871 1845 supra
882 1759 1160 1834 commemoravi,
1180 1776 1253 1817 rna·

206 1846 303 1913 xime
323 1846 562 1912 commendant
571 1846 700 1931 ingemi
717 1867 756 1909 ac
775 1845 931 1910 dictionis
948 1867 1107 1924 acumen,
1130 1840 1255 1909 verbo·

205 1954 285 1998 rum
313 1932 461 1997 delectus
487 1943 520 1997 et
544 1932 751 1996 admirabilis
781 1938 893 2017 copia,
924 1936 1093 1998 sermonis
1115 1933 1255 2020 puritas,

205 2020 446 2108 perspicuitas,
469 2025 584 2088 nativa
616 2017 781 2102 elegantia
812 2034 846 2084 et
875 2040 1010 2084 summa
1044 2023 1256 2084 suavitas.-

208 2106 370 2172 Ceterum
386 2118 537 2171 extrema
558 2105 616 2170 ille
637 2107 723 2170 vitae
742 2126 823 2169 suae
839 2119 990 2192 tempora
1007 2109 1094 2190 apud
1117 2107 1256 2173 Arche-

205 2193 301 2260 laum
323 2189 552 2280 Macedonum
571 2214 686 2279 regem
710 2190 826 2257 Pellae
842 2195 1054 2277 transegisse,
1070 2195 1183 2281 ibique
1202 2195 1257 2258 ia.

205 2291 259 2358 to,
283 2288 322 2343 ut
344 2280 449 2367 vulgo
473 2280 627 2350 tradunt,
652 2276 773 2342 acerbo
800 2280 938 2364 periisse
970 2281 1110 2354 dicitur,
1134 2283 1257 2348 andem

206 2388 310 2448 anno,
334 2387 403 2452 qno
425 2364 569 2430 subinde
590 2366 783 2454 provectior
803 2374 922 2439 aetate,
945 2366 1254 2453 idemqneingenio

207 2453 391 2519 sublimior
400 2463 434 2516 et
451 2452 766 2539 praestantiorarte.
791 2451 978 2539 Sophocles
995 2451 1128 2518 Atticae
1140 2478 1258 2522 scenae

209 2552 344 2625 ereptus
363 2538 437 2614 fnit,
457 2534 737 2626 Olympxclll.
752 2545 782 2603 3.
793 2562 822 2602 a.
837 2537 919 2603 Chr.
934 2537 1009 2604 406.

278 2622 425 2689 Fabulae
447 2625 621 2710 Euripidis
640 2626 789 2709 tragicae
809 2634 843 2687 et
869 2628 1031 2713 satyricae
1076 2628 1203 2719 iainque
1225 2638 1259 2695 et

208 2713 432 2802 septuaginta
456 2734 475 2775 a
495 2711 653 2777 Varrone
683 2712 772 2793 apud
798 2707 946 2776 Gellium
970 2650 1157 2797 (Ulli.)
1190 2739 1257 2780 nu.

209 2809 405 2877 merantur,
427 2798 519 2863 haud
542 2819 659 2863 omnes
674 2797 858 2883 genuinae,
882 2798 1118 2883 pluresautem
1139 2803 1191 2866 vel
1205 2806 1262 2866 in-

206 2885 414 2973 terpolatae,
436 2884 502 2951 vel·
520 2884 717 2949 emendatae
748 2895 784 2947 et
809 2894 1001 2958 correctae,
1024 2887 1154 2950 sivanb
1179 2891 1256 2977 ipse

207 2975 330 3062 poeta,
352 2978 423 3036 sire
443 2970 485 3037 ab
507 2970 581 3036 aliia
599 2971 751 3057 tragicis,
776 2971 927 3035 maxime
945 2971 1119 3061 Euripide
1141 2975 1259 3041 iunio·
1290 3040 1294 3049 ,

89 3070 94 3075 ’
208 3081 265 3136 re,
288 3058 394 3121 nostri
416 3078 458 3123 ex
478 3054 760 3125 haeretiticos.
786 3056 978 3123 Boecklrias
1002 3059 1036 3123 in
1060 3060 1148 3124 larrd.
1171 3062 1260 3126 libro

208 3143 431 3221 didascalico,
467 3142 682 3229 cavaltt.
707 3168 742 3234 p.
754 3144 827 3212 225.
839 3166 911 3229 sqq.
964 3145 1055 3210 idem
1079 3146 1263 3213 dicendum

210 3231 252 3295 de
264 3230 564 3317 undevigintiillis
577 3228 702 3296 fabulis
744 3252 806 3293 uae
824 3241 964 3294 aetatem
990 3232 1153 3307 tulerunt,
1177 3257 1262 3320 qua.

208 3338 288 3382 rum
310 3317 454 3394 multae,
476 3327 516 3381 ut
534 3316 682 3395 Medea,
710 3252 866 3392 (iresca,
890 3316 1047 3391 Helena,
1060 3319 1263 3408 iphigenia

169 3432 172 3449 ·
208 3401 424 3481 Antidamae,
447 3404 685 3493 Hippolytus,
708 3401 889 3481 Bacchae,
913 3403 1061 3485 Blaesus,
1087 3413 1193 3470 varias
1216 3407 1264 3470 si.

207 3507 251 3563 ve
279 3487 388 3578 spurii
415 3499 449 3553 et
480 3490 704 3577 supposititii,
740 3496 809 3554 sive
840 3491 1081 3573 recognitionis
1111 3492 1263 3574 alicuius,

207 3581 280 3641 siva
306 3575 577 3662 interpolationis
599 3588 740 3642 movent
764 3577 994 3726 suspiciones,
1019 3587 1171 3642 veterum
1193 3579 1262 3643 ori-

208 3664 357 3728 ticorum
378 3662 581 3727 testimoniis
607 3668 732 3747 partim
756 3685 818 3724 con
849 3674 981 3726 rmutas.
1015 3662 1106 3728 Vide
1130 3664 1265 3729 Bacch.-

210 3748 309 3814 tiam
341 3748 364 3814 Ι.
382 3747 405 3814 Ι.
431 3746 1022 3838 cepp.Xlll.XIV.Xl'll-X1X.
1050 3759 1082 3813 et
1117 3751 1264 3816 dishni-

209 3835 307 3901 kium
316 3835 352 3898 in
361 3833 566 3901 Geschiehte
578 3837 610 3902 d.
622 3834 816 3901 Litteratur
827 3834 858 3901 d.
871 3833 934 3903 Gr.
949 3836 1026 3904 T.1.
1037 3858 1069 3924 p.
1080 3838 1262 3907 tud-413.

214 4020 638 4069 *m

243 4125 268 4194 ·)
285 4127 393 4211 tataros.
414 4127 571 4215 PoaniIl.
589 4143 625 4180 to
642 4129 702 4209 {inl
720 4122 902 4205 dliilpmldpr
934 4125 957 4187 tl
979 4128 1026 4189 καὶ
1047 4130 1079 4185 τὰ
1093 4127 1162 4188 ἄλλα
1176 4116 1264 4204 μὴσῦ

284 4195 434 4265 maerenti,
452 4195 521 4251 stet
543 4196 739 4270 speramus&
753 4215 785 4267 ys
800 4198 853 4252 sair
868 4198 984 4268 norpadi
997 4199 1130 4269 φαίνεται.
1247 4220 1252 4231 ’
