2942 4875
458 460 667 546 Mensores,
687 459 957 529 Hnrocssrss
978 457 1023 527 IL
1215 451 1282 529 203
1308 427 1310 432 Α

226 643 493 724 causarumque,
515 655 560 699 ex
604 635 703 700 uibus
723 635 839 701 morbi
851 635 1060 723 gignuntur,
1082 634 1280 720 cognitione

225 727 364 805 innixa,
386 744 405 790 a
417 657 705 813 philosopleorum
729 722 871 800 scholis,
894 723 1066 810 imprimis
1094 720 1136 787 ab
1155 721 1286 787 Italica

227 814 256 880 P
283 811 572 897 thagoreorumet
587 807 751 875 Eleatica
767 810 972 888 recentiore,
995 812 1169 896 processit.
1194 807 1286 875 Vids
1346 855 1348 859 .

264 900 374 967 slsum
383 896 420 962 in
458 894 576 966 raefat.
596 917 630 983 p.
644 916 674 960 α.
699 895 882 982 Vtrisque,
897 907 931 959 et
950 896 1166 961 sacerdotum
1182 915 1287 996 prae·

228 987 346 1073 atigiis,
360 994 395 1048 et
435 920 701 1068 lilosoplrorum
718 983 1049 1063 ratiocinationibus,
1062 981 1287 1063 Medicinam,

227 1081 306 1163 post
338 1006 489 1136 medcos
522 1067 811 1155 Periodmtasr),
843 1070 970 1155 eripuit
991 1069 1288 1160 Asclepiodorum

254 1182 314 1224 ens
335 1159 408 1224 sive
430 1155 561 1222 familia
578 1156 821 1237 sacerdotalis,
843 1178 930 1244 quse
957 1153 1000 1221 ab
1020 1156 1230 1244 Aesculapio
1254 1163 1290 1219 et

229 1182 384 1313 lleroule
406 1244 576 1331 originem
597 1263 695 1310 suam
715 1253 893 1331 repetens,
919 1245 956 1320 in
975 1243 1175 1331 Aesculapii
1196 1252 1290 1306 tem·

129 1389 133 1398 ,
229 1336 296 1425 plis
319 1354 383 1421 per
398 1331 692 1418 Peloponnesum,
714 1351 866 1394 manime
886 1350 969 1395 vero
990 1336 1026 1394 in
1053 1331 1103 1396 Co
1123 1328 1236 1395 insula
1255 1336 1291 1393 et

230 1419 323 1510 apud
354 1417 498 1485 Cnidios
508 1414 657 1480 sanandi
675 1426 803 1496 artem,
827 1426 1002 1502 tamquam
1026 1418 1201 1481 scientiam
1224 1434 1289 1482 ar-

232 1529 361 1575 canam
385 1514 419 1567 et
438 1502 557 1568 ordini
579 1524 642 1566 suo
665 1503 867 1590 propriam,
891 1524 953 1567 nec
975 1502 1041 1566 nisi
1062 1500 1291 1568 initiatisdi·

233 1588 461 1677 vulgandam,
484 1588 599 1654 multa.
613 1608 674 1675 per
695 1588 831 1653 saecula
857 1598 1075 1668 exercuerat,
1108 1588 1217 1653 donec
1238 1607 1291 1668 es,

232 1677 428 1743 litterarum
448 1688 483 1741 et
499 1673 737 1762 philosophiae
759 1675 852 1752 lnce,
875 1677 966 1741 circa
987 1674 1157 1741 bellorum
1175 1675 1294 1740 Persi·

235 1785 358 1830 corum
378 1775 412 1828 et
427 1760 520 1827 haud
539 1761 647 1826 multo
667 1770 744 1848 post
762 1760 1045 1852 Peloponnesiaci
1065 1768 1233 1849 tempora,
1255 1762 1294 1826 in

238 1850 310 1917 dies
329 1848 437 1936 magis
459 1849 635 1937 magisque
652 1869 714 1936 per
730 1844 927 1928 Graeciam,
949 1848 1082 1913 ltaliam
1099 1848 1296 1935 insulasque

237 1936 407 2002 Asiaticas
430 1935 598 2024 dispersa,
621 1946 745 2022 sponte
772 1932 917 2017 nubem,
940 1955 1007 2023 qua
1029 1935 1189 2000 consulto
1209 1936 1298 1998 ado·

130 2063 134 2072 ·
229 2032 423 2115 paruerant
441 2044 478 2087 se
494 2024 640 2086 maiores
656 2021 720 2100 sui,
743 2023 903 2102 excussit,
919 2024 1070 2109 artisque
1090 2043 1172 2087 suae
1194 2040 1300 2109 prae·

235 2119 338 2199 septa
354 2131 425 2174 non
437 2107 549 2175 solum
570 2104 708 2174 cuilibet
725 2105 881 2174 discendi
898 2108 1026 2198 cupido
1041 2127 1125 2174 voce
1143 2107 1300 2195 scriptis·

262 2217 306 2262 ue
328 2195 489 2276 tradidit,
510 2197 754 2290 verumptism
775 2218 902 2261 novam
929 2196 1010 2260 artis
1040 2194 1198 2270 salutaris
1222 2203 1299 2262 tra·

238 2220 369 2349 dandae
386 2282 483 2350 viam
503 2292 537 2346 ct
554 2280 740 2361 rationem,
762 2303 786 2346 a
803 2283 879 2347 sola
896 2294 1047 2348 naturae
1062 2279 1303 2350 observatiam

238 2381 274 2440 st
295 2369 511 2460 experientia
531 2364 732 2456 profectam,
755 2366 901 2450 invenit,
924 2368 1060 2518 egregie
1078 2369 1242 2449 excoluit,
1263 2375 1301 2433 et

241 2457 286 2523 ad
303 2476 441 2522 omnem
464 2456 702 2547 posteritatem
718 2450 888 2521 stabilivit„
965 2456 1041 2519 uiua
1062 2453 1195 2521 inventi
1259 2478 1302 2522 a·

242 2544 374 2611 vissimi
397 2544 469 2607 laus
492 2540 663 2630 imprimis
679 2537 823 2607 debetur
837 2540 1108 2644 Ipls'ppocratum
1121 2540 1220 2631 fami
1240 2546 1301 2624 'as,

243 2648 288 2696 ex
307 2627 592 2718 Asclepiodorum
613 2638 715 2714 gente
730 2628 797 2693 hac
818 2628 1005 2708 oriundae,
1027 2630 1062 2692 in
1084 2649 1204 2729 quase
1228 2638 1302 2695 tem

245 2717 311 2784 sub
328 2715 378 2782 Hi
402 2716 552 2802 pcccatis
570 2714 711 2781 nomine
727 2714 869 2796 medici,
891 2725 964 2779 arte
981 2724 1016 2781 st
1031 2712 1165 2803 scriptis
1178 2652 1303 2781 oldris·

243 2805 341 2883 simi,
369 2736 599 2869 ducentorum
628 2811 663 2864 et
690 2801 782 2888 quod
811 2803 965 2865 excurrit
994 2822 1167 2867 annorum
1190 2804 1302 2867 inter·

241 2890 354 3043 pqllo,
376 2890 556 2969 exstitere,
579 2887 859 2991 quorumslonge
880 2882 1122 2956 celeberrimus
1140 2889 1216 2956 iure
1235 2887 1302 2955 hs·

285 2986 343 3041 tur

308 3060 567 3213 Hiqpocrates,
583 3059 686 3127 lmius
703 3060 854 3127 nominis
868 3059 1055 3142 secundm,
1077 3071 1179 3153 gente
1198 3030 1302 3146 Cous,

411 3171 423 3212 1

268 3170 349 3215 rum

241 3169 302 3325 gui
317 3232 375 3300 Ol.
385 3234 417 3298 L
684 3234 798 3303 hdfio.
817 3244 928 3313 natus,
946 3233 1010 3300 sub
1026 3233 1110 3299 belli
1122 3232 1302 3323 Pelopon·

242 3321 373 3389 nesiaci
390 3321 529 3387 initium
552 3322 702 3387 maxime
722 3319 862 3401 floruit,
884 3329 919 3384 et
938 3323 1126 3386 secundum
1144 3321 1302 3388 nonnul-

241 3410 295 3475 los
312 3409 401 3473 circa
419 3404 895 3499 olcss.1.A.0h.372.pr0
923 3407 1202 3493 euons'genarius
1223 3406 1302 3474 obi·

242 3502 326 3572 isse,
348 3493 538 3561 secundum
554 3493 639 3559 alios
661 3493 703 3560 sd
729 3494 882 3584 Philippi
892 3430 1094 3560 llaoedonis
1111 3495 1211 3583 regni
1229 3495 1302 3560 ini.

243 3588 333 3648 tium
356 3561 511 3668 (ΟΜΝ.
528 3584 569 3670 ι.)
591 3585 696 3651 vitam
715 3583 921 3671 produxisse
933 3579 1069 3649 dicitur.
1092 3577 1142 3661 la,
1164 3590 1301 3670 praeter

244 3670 329 3734 alios
355 3677 495 3755 parente
519 3666 704 3734 Heraclide
730 3689 811 3734 usus
839 3690 902 3759 pra
952 3677 1076 3803 ptos-e,
1099 3680 1134 3734 et
1154 3679 1299 3736 naturas

243 3754 526 3846 eontemplationi
536 3754 942 3846 philosophicaedsditus
993 3759 1018 3844 J,
1039 3754 1159 3823 relicta
1175 3758 1297 3847 patris,

950 3890 954 3897 a

450 3147 731 3299 pocratiaAnepos
757 3158 792 3213 et
811 3146 1014 3213 Heraclidae
1039 3148 1167 3215 medici
1190 3147 1300 3229 filius,

534 3257 585 3301 .ι.
632 3283 640 3299 .

278 4066 303 4137 ·)
320 4066 362 4121 las
378 4065 479 4134 dictos,
498 4067 572 4138 qaod
587 4084 635 4138 per
650 4071 729 4141 plura
740 4070 802 4125 loss
813 4064 1072 4125 matutam
1080 4079 1242 4123 maroneae.
1258 4065 1296 4123 V·

311 4137 388 4190 turs
398 4136 537 4210 Sprengd
552 4135 713 4191 Gesehiclm
729 4138 777 4192 der
788 4133 974 4194 matiana·
987 4136 1051 4193 Μ
1062 4135 1212 4206 peaaaqq.

155 4260 160 4264 .
279 4200 317 4270 ”l
334 4203 457 4267 vrttes·
473 4207 502 4260 ia
517 4202 769 4276 rhodopem

1038 4264 1085 4337 26
