2942 4875
438 403 744 490 Laxicoonirnr.
779 424 983 497 Annorivs
1173 421 1236 486 213
1336 508 1339 515 ,

183 577 313 641 terion
338 579 467 641 Frono.
490 578 641 667 Bosqnet
670 579 773 641 Paris.
800 576 891 641 1630.
915 578 950 657 8.ἱ
979 597 1047 640 rec.
1079 586 1113 639 et
1136 586 1234 638 ancta

189 664 293 729 Corn.
318 664 474 728 &edenti
494 661 814 742 Observationibus,
837 666 873 727 in
891 664 1117 728 Meermnnni
1129 662 1234 725 Thes.

186 751 254 812 iur.
273 752 336 813 clv.
351 761 385 812 et
397 770 518 812 canon.
543 751 585 814 Τ.
602 750 625 818 l.
651 775 682 837 p.
696 753 748 831 37.
775 753 957 814 novissime
981 750 1059 814 aL.
1072 749 1123 812 H.
1143 748 1236 812 Ten-

172 835 305 915 ediam,
328 835 422 921 Lips.
451 838 542 924 1789.
567 840 598 902 8.
621 882 662 892 -
706 838 863 925 Denique
890 834 1115 902 Constantini
1131 835 1236 897 Hor-

184 923 382 1009 monopoli,
405 944 491 985 saec.
505 922 603 986 XIV.
624 922 819 1007 Ἔξάβιβλος
834 924 903 987 sive
914 920 1103 1008 Πρόχειρον
1113 917 1236 1005 νόμων,

186 1006 453 1073 Promtunrinm
464 1009 552 1073 ioris
564 1010 694 1085 civilia,
716 1012 751 1072 in
768 1033 829 1073 sex
842 1010 947 1074 libros
959 1009 1124 1089 divisum,
1143 1009 1236 1093 opti-

184 1112 240 1157 mo
261 1094 389 1159 editum
413 1095 597 1181 interprete
621 1098 649 1160 Ι.
675 1097 854 1175 Marcam,
877 1097 1008 1160 Gener.
1036 1094 1127 1182 1587.
1151 1098 1236 1157 l.-

185 1200 264 1245 cum
284 1180 361 1249 Lat.
384 1182 562 1267 interpret.
593 1204 610 1244 a
636 1183 726 1248 Dav.
755 1176 964 1247 Rndnhem‘o
995 1183 1030 1244 in
1054 1179 1234 1267 Supplem.

185 1267 275 1329 novi
291 1266 374 1333 thes.
394 1271 478 1329 iuris
501 1271 564 1331 civ.
586 1279 619 1330 et
630 1290 703 1329 can.
725 1269 911 1332 excollent.
933 1278 967 1332 et
980 1288 1096 1332 museo
1117 1266 1237 1330 Meer-

184 1372 301 1419 monn.
324 1354 441 1439 Hagno
463 1353 561 1416 Com.
590 1356 672 1443 1780
683 1354 744 1418 fol.

219 1529 262 1579 Io.
278 1515 356 1597 Aug:
375 1529 611 1579 Bacchii.bistoris
627 1530 846 1596 lurisprudentiae
859 1532 1005 1585 Romanae.
1023 1528 1164 1589 ed..VItn‚
1182 1522 1235 1579 no-

286 1598 324 1644 vis
344 1595 412 1645 obss.
430 1611 505 1646 ancta
525 1597 557 1645 ab
570 1598 609 1647 A·
625 1601 653 1647 0.
667 1599 851 1651 Stockmanno
864 1597 935 1661 Lipe.
955 1594 1025 1646 1806.
1041 1596 1066 1646 8.
1076 1620 1109 1631 -·
1128 1598 1159 1646 G.
1170 1598 1234 1646 ltu-

283 1664 366 1778 §lm
374 1662 513 1712 Lelnbnclr
524 1663 570 1712 der
578 1662 738 1714 Gescbiclne
748 1664 829 1714 desii.
837 1664 940 1714 Rechts.
948 1689 980 1699 -
1000 1663 1047 1714 Glt.
1055 1664 1088 1714 G.
1096 1662 1237 1715 Hanboldt'

314 1731 407 1780 annale
424 1731 614 1793 Basilicarum,
632 1732 736 1797 Lipsiae
753 1731 823 1798 1819.
837 1728 861 1781 4.

648 1878 673 1968 p
698 1844 772 1943 ηδε.

252 2047 348 2113 VIII.
374 2048 412 2114 ln
436 2072 560 2137 niagno
582 2050 934 2138 Lexicogropltnrnm
956 2061 990 2113 et
1012 2052 1234 2116 Grammati-
1260 2094 1266 2101 -
1289 2054 1292 2057 ’

185 2158 307 2200 eorum
341 2135 551 2199 Graecorum
587 2158 731 2199 numero
766 2160 824 2199 eos
860 2140 1099 2209 tantummodo
1135 2159 1233 2201 com-

184 2224 475 2304 memoramus,
497 2226 646 2309 quorum
666 2222 741 2285 libri
765 2222 861 2298 editi,
884 2226 1036 2287 virorum
1050 2227 1234 2288 doctorum

183 2310 343 2372 manibus
366 2322 557 2374 versantur.
602 2307 760 2395 Reliqui,
789 2331 936 2395 quorum
961 2311 1133 2397 aliquanto
1159 2334 1232 2373 ma-

73 2384 83 2425 ”
182 2396 240 2459 ior
261 2401 378 2482 copia,
414 2418 457 2460 ex
483 2396 698 2460 llabricianae
717 2393 807 2462 Bibl.
827 2396 905 2465 Vol.
926 2390 1004 2462 Vlto
1027 2398 1078 2462 ed.
1099 2397 1232 2462 Harlee.

183 2483 415 2567 cognoscendi
437 2495 526 2547 sunt.

248 2570 474 2646 Ammonilia,
499 2568 756 2636 Alexandrinus
779 2575 1038 2655 grammaticus,
1062 2590 1082 2631 a
1103 2592 1234 2654 cogno.
1277 2583 1278 2586 ’

129 2701 132 2714 .
180 2655 275 2717 mine
287 2655 511 2720 Aristarcheo
535 2659 574 2745 (l.
591 2657 662 2720 125.
686 2677 718 2741 p.
731 2662 799 2742 lto.)
820 2659 991 2729 diversus,
1014 2657 1103 2720 eirca
1116 2680 1143 2716 a.
1158 2657 1233 2744 389.

182 2751 303 2804 auctor
325 2755 375 2807 est
398 2742 505 2807 libelli
533 2745 783 2808 elementorum
817 2744 935 2806 ordine
967 2742 1127 2829 desorIpti
1155 2746 1232 2832 περὶ
1294 2741 1296 2746 ’

177 2825 307 2911 ὁμοίων
328 2832 385 2895 καὶ
416 2828 592 2917 διαφόρων
620 2830 737 2909 λέξεων
767 2831 841 2894 slve
870 2829 928 2894 De
948 2829 1107 2918 affinium
1129 2853 1233 2894 vocn-

179 2914 343 2979 bnlorom
366 2915 584 3004 differentia,
622 2937 723 3001 quem
755 2915 858 3001 longe
885 2917 1170 2998 emendatiorem,
1199 2925 1233 2978 et

177 3001 378 3067 doctissimo
412 3005 658 3068 commentario
694 3005 900 3067 instructum
940 3003 1046 3066 edidit
1080 3002 1236 3082 Volcis<

178 3088 304 3153 narius
325 3086 437 3174 Lugd.
463 3091 534 3154 Bat.
560 3095 649 3176 ¹749·
672 3096 720 3166 4.,
743 3091 864 3158 additis
878 3090 1231 3156 Animadversionem

178 3171 282 3238 libris
293 3174 368 3238 III.
389 3178 425 3240 in
445 3177 565 3262 quibus
590 3189 745 3241 veterum
764 3184 972 3264 scriptorum
998 3176 1070 3241 loca
1092 3186 1230 3240 tentan-

175 3268 238 3322 tur
254 3269 289 3322 et
300 3264 540 3336 emendantur,
553 3264 635 3328 ibid.
646 3266 721 3329 eod.
734 3286 765 3331 a.
787 3261 1013 3328 Memoranda
1029 3262 1131 3325 otiam
1145 3285 1231 3326 con-

176 3346 321 3410 traofior
343 3347 450 3413 libelli
466 3352 570 3414 editio
588 3350 626 3413 0.
641 3351 704 3416 Fr.
717 3352 900 3415 Ammonii
916 3371 995 3412 oum
1009 3349 1229 3413 Valckenarii

174 3434 269 3516 notis
280 3437 412 3504 etobss.
426 3435 555 3501 selectis
573 3445 607 3499 et
617 3438 686 3501 suis
698 3436 788 3503 obss.
804 3437 974 3521 Erlangae
991 3436 1049 3525 178
1074 3483 1081 3497 .
1096 3438 1127 3502 8.
1150 3435 1230 3499 Nu-

174 3520 331 3606 perrime
352 3522 396 3588 G.
408 3523 461 3588 H.
482 3524 647 3612 Schinferi
665 3524 779 3588 studio
790 3523 1043 3588 Valckenariie
1072 3522 1229 3588 ‘tioAm-

171 3607 287 3671 monii
314 3629 482 3676 unacum
504 3612 760 3690 additamenfia,
783 3632 869 3698 quaa
889 3614 1062 3691 continet,
1083 3616 1227 3695 repetite

173 3705 226 3759 ost
249 3697 320 3771 hoo
348 3694 481 3760 indicet
514 3699 723 3765 Ammonius
750 3698 794 3762 de
814 3696 927 3787 differ.
958 3696 1053 3785 affin.
1086 3696 1227 3762 vocato.

170 3780 304 3849 Acoeti.
334 3780 512 3871 Opusoulo
533 3786 687 3851 nondum
708 3784 822 3849 edito:
862 3785 1021 3850 Eronioa
1052 3782 1155 3849 Ptito
1187 3784 1229 3847 de

176 3867 295 3932 differ.
327 3868 441 3955 sigali.
476 3871 665 3936 Lesbondx
695 3872 737 3936 da
759 3871 883 3956 figuris
911 3870 1141 3958 grammaticis
1163 3881 1229 3935 etc.

170 3953 407 4030 Ammonium
431 3978 497 4043 ope
515 3959 580 4023 Ma.
603 3960 706 4045 prim.
730 3957 810 4023 edit.
825 3960 909 4026 Ald.
932 3969 965 4022 et
976 3956 1112 4022 aliunde
1134 3979 1229 4022 ema-

169 4043 325 4126 cplatnm
356 4054 390 4108 et
411 4045 501 4111 notis
524 4044 646 4146 illustp.
667 4039 765 4112 neti
791 4067 832 4110 ua
856 4066 900 4111 ex
924 4044 1022 4110 codd.
1043 4049 1123 4111 mss.
1147 4042 1226 4110 bibl.
1250 4071 1278 4112 ,·

164 4127 282 4217 bugd.
295 4129 369 4196 aar.
384 4154 478 4199 nuno
488 4133 643 4222 primum
657 4134 749 4222 vulg.
799 4180 809 4198 .
824 4133 862 4199 0.
879 4133 1106 4200 Volcianoer.
1119 4130 1227 4199 Novo
