2942 4875
426 418 723 483 Nsorsnronrcr.
755 414 944 478 Pronnrs
1044 481 1048 485 ,
1144 408 1250 478 105,

163 575 250 639 ravit
269 572 531 650 l.1.Reiskius,
556 571 694 658 Lipsiae
718 570 810 656 1774.
835 560 976 629 11v011.
999 561 1090 625 8...
1118 561 1208 625 Ger-

164 662 301 725 manice
324 659 424 724 vertit
446 656 530 723 Tot.
549 656 757 736 Dammius,
779 635 895 715 Barol.
922 648 1014 739 1764.
1029 655 1058 713 8.
1072 656 1105 709 at
1122 647 1211 711 Gol-

165 747 230 810 lice
252 767 295 807 nn
324 765 360 808 er
383 745 413 809 1.
429 745 458 808 Ι.
473 742 804 820 comtes-Danaas,
827 737 933 803 Paria.
957 734 1047 800 1803.
1071 731 1103 795 Il
1120 731 1212 798 Voll.

107 889 110 894 ,
166 831 197 895 8ss
222 830 267 900 ct,
299 830 458 895 *sabricius
482 830 525 893 T.
542 829 584 896 V.
608 827 718 916 p.515
736 847 810 912 sqq.

199 988 313 1039 Italiae
333 1004 405 1038 ,νοη
424 985 509 1038 Orelli
524 984 612 1036 Urbes·
626 986 710 1050 einige
724 983 827 1035 Stellas
845 979 890 1031 des
906 979 1034 1029 Maximo·
1051 996 1103 1028 von
1129 976 1213 1028 Tros

267 1055 295 1102 ia
309 1003 382 1104 ficas.
401 1048 614 1116 Philologis'ehcn
628 1051 745 1106 Brielen,
764 1052 803 1100 als
817 1048 929 1109 Anhang
943 1063 976 1095 sn
985 1046 1126 1098 Iaokrales
1166 1039 1214 1095 ida

264 1117 345 1191 περὶ
367 1112 580 1179 ἀντιδόσεως
606 1119 699 1171 Turici
718 1117 791 1166 1814.
809 1114 836 1164 8.
853 1116 889 1165 cf.
907 1115 939 1164 Τ.
955 1114 976 1164 1.
994 1132 1021 1179 p.
1035 1112 1092 1178 187.

630 1268 656 1357 d.
684 1269 754 1333 154.

238 1420 492 1486 Platonicorum
519 1421 644 1485 horum
660 1421 888 1494 recentiorum
913 1418 1085 1497 nonnulli,
1108 1440 1215 1507 qirurn

64 1559 67 1565 .
171 1508 470 1595 Pythagoreorum
488 1507 529 1569 de
542 1507 693 1572 numeris
710 1507 831 1593 placita
846 1526 924 1568 cum
937 1505 1089 1570 Platonis
1114 1528 1215 1593 prae-

170 1596 277 1679 ceptis
300 1597 565 1680 coniungerent,
590 1594 776 1658 Ecleclicis
793 1593 894 1657 etiam
919 1590 1129 1677 philosophis
1154 1613 1216 1655 au-

171 1683 376 1745 nnsucrnndi
401 1692 498 1758 sunt,
532 1702 680 1765 (luorum
709 1679 955 1764 auctorxrulgo
977 1677 1122 1742 habetur
1147 1678 1217 1752 Pa-

83 1771 88 1778 '
170 1778 287 1842 tamo,
305 1770 364 1852 qni
384 1768 520 1832 saeculo
540 1768 653 1852 primo
665 1766 881 1830 relsacuudo
899 1775 976 1853 post
994 1764 1057 1829 Ch.
1070 1786 1103 1828 n.
1124 1771 1218 1850 (nam

170 1868 261 1915 aetas
291 1877 362 1917 eriis
391 1856 519 1918 incerta
551 1857 613 1940 est)
629 1907 635 1918 .
649 1852 886 1941 philosophiae
914 1850 1068 1916 scholam
1084 1850 1218 1932 ¹hahuit

171 1941 414 2005 Alexandriae.
461 1939 618 2004 Omnino
640 1951 754 2003 autem
775 1939 1124 2026 Neoplstonioorum,
1159 1934 1219 2022 qui

170 2024 287 2087 schola
310 2026 543 2089 Alexandrina
580 2023 724 2114 profecti
752 2037 846 2105 suut,
879 2024 1122 2093 Bauterwekio
1156 2024 1220 2087 su'.

170 2126 264 2174 ctore
285 2109 336 2195 ὕ),
365 2126 434 2179 tres
448 2112 621 2201 familiae
639 2113 802 2197 distingui
827 2121 986 2198 possunt,
1009 2111 1219 2186 Iudaismo

170 2199 275 2261 solius
299 2200 434 2284 quidem
457 2200 613 2263 Philonis
635 2197 752 2263 ludaei
773 2199 933 2284 operibus
958 2209 1058 2262 uuna
1086 2218 1218 2281 coguo-

172 2285 315 2361 scenda,
349 2286 407 2348 sed
440 2305 541 2369 quern
571 2285 697 2348 diutius
723 2284 883 2360 durasse,
924 2284 1096 2348 Numenii
1122 2288 1220 2365 Apa-

172 2375 321 2433 meensis
355 2373 561 2458 scriptorum
592 2366 799 2455 fragmenta,
844 2370 969 2459 partim
1001 2367 1042 2432 ab
1070 2368 1218 2434 Eusebio

173 2458 272 2520 nobis
302 2471 452 2533 servata,
486 2467 663 2521 testantur.
705 2458 883 2533 Alterius,
921 2455 1143 2522 Christianae
1166 2456 1221 2520 di-

175 2553 269 2623 ctae,
292 2544 451 2608 Iustinus
471 2543 629 2628 Martyr,
653 2545 852 2632 priusquam
870 2542 1145 2608 Christianorum
1165 2565 1221 2607 sa-

176 2630 242 2693 cris
276 2628 425 2693 initiatus
459 2642 525 2707 est,
568 2629 762 2694 Platonicae
788 2631 1025 2718 philosophiae
1054 2628 1219 2715 addictus,

175 2722 334 2803 princeps
360 2715 534 2780 habendus
555 2728 615 2780 est.
666 2717 805 2801 Tertia,
836 2718 895 2781 lon
921 2719 1086 2794 eserioc,
1113 2719 1219 2797 ouius,

135 2845 140 2852 -
176 2817 213 2866 ut
239 2803 427 2884 Iudaicae,
459 2802 535 2867 fons
564 2804 756 2867 communis
784 2824 828 2867 ex
855 2738 949 2877 ludia
980 2813 1014 2868 et
1036 2805 1220 2871 Persarum

177 2887 392 2952 Zoroastrica
416 2891 590 2974 disciplina
612 2890 814 2976 repetendus
833 2911 904 2954 esse
919 2889 1068 2964 videtur,
1092 2912 1218 2955 nomen

176 2977 275 3039 dehet
303 2975 437 3042 Plotina
461 2977 710 3064 Lycopolitano
731 2975 926 3069 Aegyptio,
960 2978 1020 3062 qui
1039 2980 1222 3043 Ammonii

177 3062 432 3141 Alexandrini,
458 3062 588 3128 Sacrae
608 3063 703 3142 dicti,
736 3075 770 3127 et
792 3071 880 3128 circa
902 3086 930 3125 a.
951 3082 1023 3127 220.
1047 3083 1079 3148 p.
1098 3062 1161 3127 Ch.
1183 3086 1220 3129 n.

178 3150 349 3224 florentis,
378 3169 479 3233 quem
501 3161 609 3214 sectae
631 3150 980 3237 Neoplatonicorum,
1007 3148 1110 3235 longe
1133 3152 1224 3214 anti·

179 3235 325 3322 qinoris,
348 3237 468 3319 vulgo,
491 3236 548 3299 sed
569 3258 765 3323 perperam,
788 3238 939 3323 primum
956 3246 1131 3300 auctorem
1148 3258 1222 3300 esse

180 3330 318 3409 putant,
340 3341 401 3406 per
419 3323 574 3386 undecim
598 3344 704 3387 anuos
728 3312 1008 3410 dIscipulussnit,
1031 3323 1222 3407 etquadra-

178 3414 347 3493 gesimum
368 3428 497 3472 anunm
512 3426 636 3494 egeus,
670 3422 748 3498 post
768 3409 934 3473 Gordiani
965 3406 1051 3491 Imp.
1074 3420 1221 3475 mortem

180 3498 328 3558 Romam
353 3495 464 3572 venit,
498 3493 556 3559 ubi
577 3493 807 3582 philosophiae
829 3518 909 3560 suae
931 3495 1092 3580 mysticae
1115 3508 1147 3560 et
1168 3497 1223 3561 al·
1331 3547 1334 3552 .
1358 3542 1360 3549 ,

177 3581 365 3665 legoricae,
396 3582 550 3666 miraque
572 3584 817 3647 sententiarum
840 3595 874 3647 et
893 3581 1074 3648 verborum
1097 3583 1221 3647 obscu-

177 3669 277 3732 ritate
305 3665 505 3746 obvolutae,
548 3678 726 3758 praecepta
754 3668 914 3749 tradidit,
951 3670 1077 3757 scripta
1108 3682 1222 3736 sutem

178 3755 415 3842 philosophica
436 3765 585 3842 quatuor
607 3757 917 3856 etquinpuoginta
941 3777 1102 3831 numero,
1136 3779 1222 3841 quse
1271 3784 1276 3793 ·
1313 3762 1318 3773 “

178 3853 436 3931 composuerat,
475 3841 686 3930 Porphyris,
720 3830 1002 3932 dsscipulo⁴sno,
1040 3850 1222 3924 commisit,

217 4121 241 4187 ⁰)
257 4118 288 4171 Ia
300 4122 480 4174 Cemmenus.
495 4138 574 4189 supr·
592 4120 704 4173 laudata.
993 4190 1013 4247 ⁴
1112 4145 1124 4167 ο

974 4205 986 4247 l
