2942 4875
294 368 356 435 232
558 365 793 436 Gnsecsnvu
815 367 1067 439 ιιιιιιιιιιιιι

291 521 403 599 rales,
418 582 423 593 ,
440 518 503 584 Gr.
530 531 566 585 et
593 520 678 585 Lat.
705 520 940 609 Recognovit,
969 523 1135 611 pluribus
1158 524 1323 589 sententiis

295 607 485 674 Socraticis
511 620 545 672 et
568 605 810 706 Qrthagoricis
833 630 875 670 ea
899 608 950 675 Io.
975 608 1124 674 Stciaei
1147 610 1325 696 Florilegio

291 693 482 781 excerptis,
510 704 633 769 auxit,
662 694 820 760 Aureum
849 694 999 761 Carmen
1032 695 1327 784 Pythagoreorum,

293 779 495 845 Democriti
512 779 712 866 philosophi
731 779 967 866 Fragmenta,
1001 781 1082 846 VII
1099 783 1208 871 Sopp.
1230 781 1327 847 Grae·

284 866 367 932 'cias
391 864 606 941 Sententiae,
639 864 824 952 Porphyrii
846 867 1136 933 Admonitionem
1166 870 1215 933 ad
1234 867 1325 931 Mar-

293 951 416 1025 cdlam
430 946 605 1027 'uxorem
636 950 721 1015 Niti
742 951 891 1015 Ascctae
916 952 1118 1018 Sententiae
1147 950 1324 1018 Christia-

290 1038 408 1126 liaque
433 1038 601 1125 opuscula
628 1036 777 1114 adiecit,
811 1038 905 1101 notis
931 1037 1053 1105 Lucae
1086 1040 1267 1106 Holstcnii
1293 1039 1323 1101 in

291 1137 361 1189 tres
388 1123 526 1210 priores
555 1121 846 1210 Gnomographos
876 1124 1026 1211 integris
1052 1127 1269 1213 aliorumque
1292 1125 1324 1186 in

290 1210 425 1275 eosdem
445 1219 478 1272 et
489 1208 640 1294 reliquos
660 1209 797 1272 selectis
815 1231 897 1272 suas
911 1211 1050 1276 addidit
1067 1212 1101 1275 1.
1118 1211 1220 1276 Conr.
1236 1210 1320 1276 oret-

289 1297 368 1360 lius.
416 1292 611 1359 Secundum
643 1294 804 1358 volumen
836 1297 989 1360 continet
1020 1297 1213 1374 isocratis,
1248 1315 1320 1383 quos

276 1381 424 1472 fertur,
452 1382 661 1468 paraenesin
681 1380 731 1445 ad
752 1379 1003 1458 Demonicum,
1029 1383 1062 1446 C·
1107 1387 1184 1447 icae
1202 1381 1319 1447 scholas

286 1467 509 1559 principum,
544 1465 783 1544 Antisthenis,
816 1466 1006 1555 Diogenis,
1040 1406 1217 1544 llllhtetis,
1246 1467 1318 1532 Mo·

288 1554 379 1618 nimi
401 1562 436 1617 et
455 1551 681 1617 Demonactis
701 1554 890 1617 sententias
919 1566 954 1617 et
971 1554 1281 1643 apophthegmata,
1301 1573 1316 1616 s

289 1638 400 1704 variis
431 1638 661 1725 scriptoribus
692 1637 844 1705 collecta.
889 1640 1022 1705 Incerti
1054 1641 1103 1706 So
1130 1641 1241 1705 hirtae
1258 1641 1316 1702 dis·

289 1724 496 1790 sertationes
512 1723 556 1787 V.
569 1724 688 1789 dorica
708 1745 865 1789 sermone
880 1728 1046 1813 scriptas,
1070 1664 1245 1815 adripias
1257 1723 1287 1787 Τ
1282 1746 1315 1786 a·

290 1811 420 1879 reatini
444 1809 666 1897 Fragmenta
692 1832 781 1899 quas
801 1823 1000 1898 supersunt,
1034 1812 1315 1901 Pythagoreorum

289 1907 373 1963 vett.
384 1894 603 1984 Fragmenta
613 1896 763 1961 moralia
780 1919 803 1959 a
815 1897 867 1960 Io.
881 1896 1029 1963 Stolsaco
1046 1910 1203 1973 servata,
1224 1896 1314 1960 Euss-

289 1982 341 2049 bii
361 1980 567 2068 Philosophi
593 1981 827 2070 Fragmenta,
859 1984 1100 2071 Amphilochi,
1128 1983 1238 2049 Iconii
1256 1981 1311 2067 epi·

288 2068 407 2157 scopi,
439 2067 622 2155 epistolam
640 2070 690 2131 od
710 2066 908 2143 Seleucum,
938 2079 973 2133 et
994 2068 1078 2135 Nili
1099 2073 1241 2135 Ascetoe
1255 2079 1313 2130 tra·

290 2165 424 2218 etatum
451 2152 494 2216 de
516 2162 593 2215 octo
625 2153 734 2217 vitiis.
778 2153 978 2236 Accedunt,
995 2172 998 2178 '
1014 2155 1219 2244 appendicis
1245 2153 1309 2228 loco,

288 2238 507 2306 Ebraeorum
538 2248 573 2302 et
594 2238 751 2305 Arabum
774 2249 854 2304 vett.
876 2242 1068 2307 sententiae
1085 2241 1231 2307 morales
1250 2239 1310 2303 Lo·

288 2326 363 2392 tine
393 2323 561 2422 redditas.
610 2322 739 2390 Omnia
760 2325 917 2411 collegit,
946 2329 1142 2426 disposuit,
1171 2327 1308 2390 emenda·

288 2412 357 2491 rit,
379 2420 471 2478 notu
486 2410 646 2497 priorum
662 2412 892 2501 interpretum
907 2424 1039 2500 partem
1059 2413 1226 2500 integris,
1238 2430 1306 2497 por·

290 2500 358 2564 tim
378 2498 529 2571 selectis,
557 2499 775 2588 aliorumque
797 2510 831 2561 ct
852 2502 925 2562 suis
953 2499 1163 2578 illustravit,
1193 2499 1308 2584 altaque

289 2583 453 2737 οςιιιιιὲία
472 2584 609 2682 minora
629 2586 760 2652 adiecit
785 2588 838 2650 lo.
865 2583 968 2652 Conr.
995 2584 1159 2653 Orellias.
1191 2583 1304 2672 Lipsist

291 2691 303 2734 ι
333 2691 382 2737 ιι.
438 2690 516 2733 mai.
1268 2689 1278 2694 ·

744 2844 769 2936 ι.
795 2867 867 2910 ω.

295 3099 298 3104 ¹
352 3012 511 3083 Vidimus
541 3015 609 3095 sic,
651 3036 715 3102 per
747 3039 849 3083 omne
879 3018 964 3083 illud
990 3030 1144 3105 tompus,
1181 3008 1299 3115 quodi

290 3105 514 3171 constantino
537 3104 666 3189 Msgno
686 3125 792 3190 usquc
814 3106 854 3168 ad
867 3105 1003 3191 imperii
1025 3103 1202 3192 Byzantius
1221 3113 1299 3194 orer·

289 3194 421 3259 sionem
441 3190 595 3272 effluxit,
625 3212 732 3253 annos
760 3190 851 3254 mille
879 3214 958 3255 ssno
980 3202 1014 3256 et
1031 3203 1169 3257 centum
1190 3186 1300 3249 circuit

286 3281 426 3366 triginta
456 3276 768 3365 comprehendens,
801 3279 835 3341 iu
860 3280 1019 3343 maximis
1050 3283 1146 3365 regni
1172 3272 1298 3337 Graeco-

285 3365 434 3431 Roman-i
457 3360 717 3446 calomitsiibus,
742 3386 848 3449 quum
870 3366 1076 3446 domesticis,
1105 3375 1176 3428 tum
1198 3351 1299 3421 abio

285 3462 336 3518 ete
363 3453 505 3515 barbaro
528 3451 647 3525 illatis,
675 3452 859 3528 sermonis,
888 3453 1064 3518 doctrines
1084 3463 1117 3515 et
1135 3450 1296 3511 trientum

284 3540 413 3615 studio,
440 3539 594 3622 quamvis
609 3535 744 3621 pridem
760 3538 800 3600 in·
816 3537 964 3604 deterius
986 3536 1173 3624 vergentis,
1203 3537 1297 3590 imin

214 3673 221 3686 .
284 3648 356 3692 nou
385 3623 496 3690 solum
523 3645 593 3688 aon
621 3624 749 3701 deleto,
782 3623 839 3687 sed
860 3626 1007 3706 interos,
1038 3637 1076 3690 ut
1100 3623 1165 3687 iilis
1185 3626 1296 3702 tempi?

282 3711 398 3793 ribus,
428 3731 655 3795 magnacum
683 3711 879 3777 animorum
907 3711 1077 3777 slscritsts
1103 3703 1295 3796 scindatis

282 3800 403 3886 sgitsts
428 3796 549 3875 faisse,
578 3797 772 3882 principum
789 3799 939 3863 maxime
964 3798 1093 3900 aliquot
1114 3791 1293 3891 Bypsatino·

283 3908 361 3952 rum
385 3882 546 3950 beneficio
569 3893 603 3947 ot
627 3883 842 3961 auctoritato,
875 3895 914 3950 ut
939 3905 1024 3966 nom
1048 3894 1081 3948 et
1100 3881 1212 3944 decimi
1232 3881 1291 3929 ΜΘ·

282 3975 352 4040 cuii
362 3971 522 4052 dimidio,
541 3969 790 4049 Macedonum,
813 3967 959 4048 Basilii,
983 3970 1113 4038 Leonis
1125 3958 1196 4039 Vlo
1219 3952 1293 4048 ΟΨ.

282 4060 434 4129 stantini
458 4058 531 4124 Vii.
564 4058 640 4148 (861
654 4056 763 4146 -960.
795 4078 830 4143 p.
860 4057 959 4144 cle),
997 4066 1070 4142 tum
1101 4047 1290 4117 θοιιιίινιὶῑἰι
