2942 4875
30 4150 34 4195 l

219 506 438 574 Gnsrrsrna.
449 499 671 566 Dsnrrarns
682 498 991 566 Pnsnsn.As1sr.
1005 494 1128 563 Onsr.
1166 518 1229 587 ¹99

180 676 258 745 rulo
280 675 511 743 Demosthene
527 672 711 738 imbiberat
725 673 945 758 reipublicae,
968 674 1010 737 sd
1024 673 1230 761 popularem

177 765 325 833 formam
351 764 557 850 descriptae,
579 761 732 824 studium
763 760 1022 847 tyrannidisqne
1044 761 1231 824 odium.-

178 853 270 920 Cum
295 850 532 930 Demochare,
557 848 712 933 quamvis
734 843 816 910 huic
834 847 1061 926 dissimilem,
1087 846 1146 911 sed
1178 857 1232 911 ta-

176 963 259 1006 men
277 937 432 1002 Atticum
456 946 490 1000 et
507 935 677 1023 peridem
701 944 838 1020 tempus
855 933 1038 998 florentem
1058 945 1232 998 oratorem

181 1027 397 1104 Charisium,
419 1023 605 1089 Menandri
627 1021 819 1107 aequalem,
848 1024 1028 1106 coniungit
1051 1021 1172 1086 Cicero
1195 1021 1234 1086 in

178 1115 287 1180 Bruto
305 1111 326 1175 l.
341 1112 364 1179 l.
387 1112 574 1176 multorum
601 1116 800 1176 orationum
828 1121 1023 1183 auctorem,
1055 1130 1137 1194 quas
1159 1108 1233 1172 eliis

177 1198 361 1278 scribebat,
385 1219 491 1285 quum
504 1218 627 1283 cupere
646 1194 821 1258 videretur
835 1197 962 1260 imitari
980 1195 1132 1283 Lysiam.
1154 1195 1234 1262 De·

179 1289 326 1355 matrina
346 1298 460 1350 autem
491 1284 699 1356 Phalereus,
733 1283 791 1369 qui
817 1304 909 1347 anno
942 1296 1020 1368 post
1041 1283 1235 1347 Alexandri

178 1386 329 1441 mortem
350 1373 498 1459 septimo
527 1369 607 1433 urbi
631 1366 848 1432 Athenarum
871 1391 890 1432 a
911 1367 1103 1434 Cassandro
1132 1392 1235 1457 prae·

178 1460 290 1526 fectus
313 1457 388 1545 (Ol.
399 1455 515 1521 CXV.
525 1457 581 1543 3.),
605 1455 873 1520 clarissimorum
896 1478 982 1541 quos
1002 1453 1159 1520 Athenae
1177 1468 1236 1520 tn·

125 1563 130 1570 ’
178 1550 251 1613 lere
279 1541 455 1608 oratorum
482 1562 607 1626 agmen
634 1540 779 1618 claudit,
812 1546 866 1626 (ear
887 1543 1038 1620 Atticis,
1077 1546 1138 1631 qui
1163 1543 1236 1609 dici

208 1633 296 1696 assit
320 1641 449 1707 orator,
473 1629 637 1694 ultimum
661 1625 734 1691 fere
765 1649 836 1694 esse
860 1639 975 1693 censet
1002 1628 1236 1708 Quintilianus

179 1657 231 1783 3(-
250 1741 276 1784 r.
289 1717 342 1782 80.
373 1716 513 1806 primus
541 1714 681 1804 inflexit
695 1716 907 1792 orationem,
930 1726 965 1780 et
991 1738 1079 1780 eamr
1097 1715 1238 1782 mollem

182 1816 408 1891 teneramque
422 1802 595 1882 reddidit,
619 1812 653 1866 et
668 1803 795 1878 suavis,
817 1804 908 1868 sicut
914 1800 1013 1888 suit,
1035 1802 1150 1867 videri
1159 1825 1240 1865 mn·
1320 1847 1322 1850 -

181 1890 252 1955 luit
277 1913 383 1978 quam
398 1888 542 1976 gravis,
563 1888 626 1953 sed
647 1890 822 1954 suavitate
842 1912 899 1966 aa,
923 1912 993 1977 qua
1009 1888 1240 1976 pependerat
1311 1925 1312 1928 ¹

180 1978 336 2052 animos,
358 1998 513 2063 nunqua
530 1976 801 2064 perstringens
823 1986 962 2040 tantum
981 1987 1021 2041 ut
1032 1976 1240 2041 memoriam

180 2061 430 2128 concinnitatis
460 2081 545 2125 sune
570 2084 656 2138 non,
692 2062 986 2148 quemadmodum
1022 2064 1065 2128 de
1102 2061 1239 2127 Pericle

71 2223 77 2236 ι
180 2148 325 2235 scripsit
345 2146 513 2247 Eupolis,
536 2169 615 2212 cnm
636 2146 867 2211 delectatione
892 2150 1030 2213 aculeos
1049 2150 1168 2214 eriam·
1182 2172 1241 2221 re,-

180 2235 354 2322 iinqueret
383 2256 423 2299 m
449 2234 579 2298 animis
602 2255 737 2308 eornm,
768 2257 791 2296 a
814 2235 937 2321 quibus
970 2248 1057 2300 esset
1084 2236 1239 2301 auditus.

182 2320 356 2386 Eumdem
377 2317 458 2383 hinc
479 2320 516 2382 in
537 2318 652 2382 medio
672 2315 812 2382 dicandi
861 2343 960 2385 enere
991 2323 1113 2385 ceteris
1138 2344 1241 2410 praa·

181 2405 253 2473 fert
271 2407 363 2472 idem
386 2405 508 2470 Cicero
528 2405 564 2468 in
583 2400 682 2472 Orat.
708 2424 739 2468 e.
751 2424 802 2494 27.
816 2344 960 2486 (guium
973 2406 1028 2472 ll.

249 2494 307 2559 Ex
318 2515 359 2557 eo
369 2503 526 2580 ternpore
543 2490 763 2643 Equuentia,
786 2513 892 2577 quum
916 2494 1096 2583 propriam
1108 2493 1239 2575 aedem,

182 2581 362 2656 Athenas,
384 2579 492 2644 fracta
514 2601 584 2667 pop
627 2579 634 2592 '
653 2577 825 2660 libertate,
845 2579 1060 2668 reliquisset,
1089 2603 1241 2659 „omnes
1274 2590 1280 2613 ²

185 2669 382 2756 peragravit
409 2666 557 2746 insulas,
591 2676 692 2751 atque
719 2665 767 2729 ite
801 2669 1016 2752 peregrinata
1050 2680 1120 2733 tota
1149 2670 1243 2736 Asin

186 2765 257 2833 eat,
275 2765 314 2817 ut
334 2775 370 2817 ae
402 2752 552 2817 externis
574 2749 744 2815 oblineret
767 2752 938 2834 moribus,
962 2777 1169 2842 omnemque
1197 2756 1243 2820 il-

185 2840 255 2913 lam
276 2837 515 2905 salubritatem
533 2838 669 2903 Atticae
689 2836 866 2917 dictionis,
890 2851 923 2903 at
941 2850 1038 2929 quasi
1059 2845 1242 2909 sanitatem

186 2927 363 3017 perderet,
386 2948 425 2990 ac
441 2925 536 3014 loqui
548 2947 655 3014 paene
666 2923 866 2996 dedisceret.
889 2926 984 2993 Hinc
994 2931 1153 2996 Asiatici
1162 2952 1244 2994 nra-

186 3024 295 3094 tores,
325 3036 397 3078 non
419 3012 662 3085 contemnendi
690 3015 829 3099 quidem
861 3036 926 3079 nea
956 3015 1145 3089 celeritate,
1178 3038 1244 3082 neo

187 3102 297 3189 eopia,
313 3100 373 3164 sed
385 3122 505 3189 parurn
527 3101 636 3188 pressi
659 3110 693 3163 et
711 3104 816 3166 nimis
833 3102 1079 3172 redundantes:
1105 3102 1245 3170 Rhodii

188 3189 351 3267 seniores,
371 3198 405 3250 et
415 3187 612 3252 Atticorum
631 3187 847 3259 similiores.''
871 3189 942 3255 Cic.
953 3190 1049 3254 Brut.
1065 3191 1114 3257 13.
1128 3189 1244 3269 Quin-

187 3276 240 3340 til.
252 3272 334 3339 ΧΠ.
350 3291 399 3341 ιο.
422 3275 634 3338 Asianorum
657 3275 794 3362 quidem
817 3289 993 3340 oratorum
1017 3266 1189 3363 princeps,
1211 3277 1244 3341 i-

188 3361 337 3448 demque
369 3362 502 3448 primus
532 3362 667 3426 Atticae
699 3364 912 3465 eloquentiae
940 3375 1146 3450 corruptor,
1178 3360 1246 3429 fuit

157 3472 159 3477 ·
188 3448 369 3538 Hegesias
386 3446 558 3534 Magnes,
581 3469 660 3512 cum
678 3447 838 3536 Hegesia,
856 3442 1063 3538 philosopho
1080 3451 1245 3535 Cyrenai.

189 3556 251 3617 eo,
275 3532 601 3637 (Cic.Tusc.I.3l.)
625 3557 696 3603 non
717 3535 998 3604 confundendus:
1032 3536 1092 3623 qui
1120 3536 1245 3601 Chari-

190 3624 279 3686 sium
303 3620 510 3691 imitandum
530 3622 596 3688 aibr
616 3625 814 3711 proposuit,
837 3624 991 3710 ineptus,
1015 3636 1053 3686 ut
1078 3623 1191 3686 verbis
1212 3634 1246 3689 et

188 3715 377 3784 sententiis,
399 3709 448 3772 aie
462 3709 612 3775 maxime
634 3712 799 3777 orationis
820 3720 1001 3790 structura,
1025 3711 1116 3773 idem
1137 3711 1247 3774 histo-

188 3796 261 3858 riae
276 3793 468 3859 Alexandri
479 3797 530 3861 M.
551 3797 712 3886 scriptor,
736 3797 941 3885 aDionysio
960 3797 1073 3865 Halic.
1103 3796 1244 3886 aliisque

189 3882 312 3946 arerbe
331 3881 572 3971 reprehensus.

672 4001 687 4094 l
710 4024 765 4093 er·

194 4178 198 4191 ‚
263 4136 484 4223 Quamquam
502 4138 544 4203 ad
563 4140 789 4229 disciplinas,
819 4162 902 4227 quas
929 4150 1074 4220 rorent,
1095 4145 1244 4209 severio·

195 4243 250 4290 res
271 4226 428 4314 sequenti
444 4226 584 4293 demum
603 4237 728 4310 astute,
751 4229 815 4293 sub
836 4229 1058 4312 Ptolemaeis,
1091 4230 1245 4296 Graeco·
1279 4261 1283 4267 ·
