2942 4875
217 417 219 424 '
270 419 523 491 Acarnanam
541 423 844 490 Marianarum.
865 423 1171 490 sraaanrzaar.
1204 446 1243 515 9¹

663 578 690 668 §-
718 580 788 646 148.
1046 573 1053 636 l

268 752 455 816 Ptolomaei
477 763 511 815 ot
530 755 760 839 antiquiorum
787 750 1062 839 geographorum
1083 751 1250 835 epitoma.

200 841 333 904 toribus
361 841 588 903 occorroeudua
617 851 667 916 est
693 841 928 924 Agatlremcr,
961 842 1077 919 aetatis
1102 841 1250 903 incertae
1301 887 1309 900 .

202 928 366 1010 scriptor,
399 928 456 990 sed
484 948 585 1012 quem
611 929 702 989 Sacc.
728 928 786 992 tlt.
808 928 928 1006 initio,
968 927 1057 989 circa
1085 925 1251 1013 Septimii

205 1014 325 1077 Severi
338 1015 421 1099 imp.
444 1025 598 1098 terrrpora
621 1016 764 1094 vixisse,
796 1017 854 1077 De
870 1014 922 1077 St.
945 1013 1053 1077 Cror'x
1075 1031 1154 1075 curn
1177 1013 1250 1078 aliia
1327 1032 1329 1036 ·

200 1100 425 1168 verisimiliter
453 1101 649 1165 coniiciunt.
696 1100 780 1165 Eius
808 1099 893 1165 tiara·
920 1096 1252 1165 duor‘Ynotann'r·

202 1208 305 1253 aauv
326 1189 396 1266 τῇς
418 1186 689 1274 Γεωγραφὶας
709 1189 751 1251 ὲὺ
770 1186 944 1274 ἐπιτομῇ
968 1188 1001 1252 h.
1022 1207 1051 1248 c.
1077 1187 1251 1272 Campen-

127 1295 130 1318 ·
203 1273 342 1340 diarriae
360 1274 888 1360 GcograplriaeExpoaitionum
902 1271 1077 1356 leguntur,
1102 1290 1248 1358 quorum

197 1360 301 1448 prior
334 1361 439 1422 multa
479 1362 519 1421 ad
553 1358 791 1442 Gcographiae
825 1357 1051 1444 Graecorum
1073 1358 1249 1423 historiam

202 1447 340 1530 cognitu
366 1447 478 1521 utilio,
507 1465 569 1507 nec
591 1445 726 1509 aliunde
748 1455 845 1522 uota,
880 1449 1053 1526 continet3
1077 1457 1251 1530 posterior
1306 1445 1317 1458 ’

151 1553 153 1560 ’
203 1535 320 1596 eadem
344 1530 414 1595 fare
434 1527 605 1617 recoquit,
634 1532 693 1593 scd
715 1540 783 1593 tam
813 1532 1009 1614 perturbate
1031 1540 1064 1592 et
1081 1531 1262 1617 imperitas

203 1631 243 1684 ut
262 1622 389 1703 prioris
420 1618 551 1682 auctor-i
584 1619 663 1682 satis
687 1618 796 1702 probo
826 1628 861 1679 et
886 1617 1091 1701 intelligenti
1127 1625 1250 1684 merito

145 1765 151 1772 ,
204 1705 434 1783 abiudicatua·‚
457 1726 494 1766 ac
512 1726 577 1790 pro
596 1707 714 1792 spurio
736 1713 835 1792 partu
855 1700 1021 1767 habeatur
1043 1725 1176 1769 neccsse
1198 1706 1252 1770 eit.

204 1795 416 1864 v.Mannert
441 1790 461 1858 l.
475 1812 504 1854 c.
528 1790 609 1855 Tel.
629 1815 661 1878 p.
679 1793 749 1872 186,
772 1791 934 1874 Epitome
946 1789 1168 1882 haecprodiit
1178 1794 1253 1879 pri-

204 1901 300 1943 mum
329 1901 409 1942 curn
435 1886 645 1965 interpretat.
675 1877 751 1943 Lat.
775 1888 809 1940 et
830 1883 921 1941 notia
956 1879 1050 1942 Sam.
1078 1878 1254 1957 ibnnulii
1313 1897 1317 1906 ’

154 2033 161 2043 ,
204 1963 394 2030 Amstclod.
425 1962 514 2050 1671.
543 1963 687 2032 atain
716 1989 734 2029 a
763 1964 941 2032 Gronocic
974 1965 1065 2027 edita
1097 1978 1149 2029 eat
1174 1987 1254 2030 cum
1373 2011 1377 2028 ,

204 2053 361 2136 Scylace,
393 2050 506 2135 Lugd.
539 2052 612 2115 Bat.
638 2054 730 2138 1697.
763 2057 794 2114 i.
827 2059 860 2115 et
880 2052 922 2114 ab
943 2051 1135 2116 Hudaonio
1165 2059 1256 2118 inter
1291 2079 1294 2092 ¹

208 2128 438 2225 Geographos
462 2139 524 2216 Gr.
549 2138 631 2201 min.
654 2138 697 2206 T.
712 2135 755 2201 tl.
777 2135 934 2201 Oxoniae
959 2140 1060 2225 1703>
1074 2138 1105 2203 8.

191 2291 200 2312 ,
271 2226 507 2311 Agathamero
531 2232 644 2288 atatim
669 2226 872 2306 subiungam
898 2224 1131 2290 Marcianum
1153 2235 1257 2311 atquc

208 2314 447 2400 Stephanum,
471 2310 550 2374 licat
572 2322 772 2396 utrumqne.
796 2310 1007 2399 Stephanum
1031 2322 1137 2388 certe,
1164 2314 1257 2379 ultra
1299 2307 1307 2314 ’

208 2399 426 2466 Constantini
458 2396 508 2467 M.
531 2405 685 2482 tempora
711 2397 835 2461 vixisse
858 2407 999 2464 conatot.
1045 2395 1258 2466 Marcianua
1357 2474 1360 2479 ¹

231 2486 362 2563 uidem,
384 2482 590 2566 cognomine
612 2484 816 2549 Heracleote
840 2507 882 2548 ex
896 2485 1023 2561 Ponto,
1047 2485 1135 2547 circa
1160 2486 1253 2551 Sacc.
1292 2489 1295 2495 ’

206 2511 267 2636 Sti
283 2572 418 2634 initium
436 2574 524 2657 (tro)
540 2568 680 2649 florens,
705 2572 885 2660 Peripium
906 2573 1015 2636 maria
1037 2573 1174 2637 externi
1193 2573 1214 2636 i.
1227 2594 1259 2644 e.

209 2659 360 2737 Oceani,
388 2678 465 2721 cum
490 2667 634 2721 tractatu
654 2659 696 2722 dc
716 2659 898 2723 distantiis
926 2671 960 2723 et
980 2658 1150 2722 mensuris
1168 2681 1258 2746 geo·

208 2746 378 2821 metricis,
402 2754 557 2808 veterum
573 2742 877 2828 Gcographorum‚
900 2750 1048 2809 maximo
1060 2743 1259 2830 Ptolemaei,
1313 2794 1316 2799 ,

207 2855 289 2897 usna
308 2833 528 2907 auctoritate,
552 2833 690 2916 scripsit
708 2831 802 2893 libria
827 2829 887 2935 ΙΙ.)
911 2853 1058 2919 quorum
1084 2832 1180 2916 prior
1200 2834 1257 2897 in-

207 2930 302 3004 teger
321 2928 446 2992 exact,
470 2918 608 2985 alteriue
630 2939 707 3003 para
731 2928 863 2991 tautum
880 2929 1008 2982 servata
1030 2929 1091 2983 eat.
1119 2917 1260 2988 interni

208 3015 322 3071 autem
344 3007 454 3070 maria
475 3006 496 3067 i.
519 3025 548 3067 c.
571 3005 812 3067 mediterranei
834 3006 1116 3092 descriptionem,
1148 3007 1258 3073 Arte·

208 3092 345 3159 mitiora
358 3091 513 3178 Ephesio
529 3092 746 3177 potissimum
765 3090 867 3168 duce,
890 3095 985 3156 cuiue
998 3091 1255 3180 Googcophiam

207 3178 263 3244 Xl
276 3175 368 3239 libris
381 3176 663 3263 comprehensam
683 3199 786 3264 supra
805 3177 1014 3242 laudavimus
1034 3180 1077 3268 (l‘
1096 3180 1181 3267 143.)
1197 3179 1255 3246 lo·

209 3265 314 3328 tidem
339 3263 449 3343 libris,
472 3289 489 3328 e
516 3264 638 3330 itamar
661 3269 785 3341 instar,
809 3265 961 3350 reliquit,
984 3266 1165 3353 exquibus
1185 3288 1256 3334 uon

210 3352 277 3415 niai
307 3288 580 3435 p1·ologr·rsiictu
603 3351 724 3436 dignus
758 3361 792 3414 et
816 3352 946 3438 aliquot
972 3351 1163 3437 fragmenta
1196 3377 1256 3421 au·

92 3482 96 3489 ,
209 3446 361 3523 pereunt.
410 3437 604 3522 Vtrumque
632 3460 718 3523 opus
748 3439 907 3502 condico
939 3461 998 3501 ma.
1024 3441 1154 3521 primus
1177 3462 1256 3507 cum

210 3524 253 3585 Sc
268 3522 348 3586 'laco
371 3522 511 3609 aliisque
533 3522 637 3586 edidit
652 3524 777 3589 David
793 3526 1038 3601 Hocaclraliua,
1060 3529 1153 3611 Aug.
1164 3526 1257 3590 Vin-

209 3547 277 3675 del.
307 3610 397 3697 1609.
421 3610 468 3689 8.,
490 3594 699 3697 posthunc,
722 3612 889 3675 cumbet.
913 3618 1089 3698 interpret.
1111 3620 1256 3691 cinctis,
1329 3644 1333 3659 ·

208 3699 264 3762 Ic.
280 3696 471 3772 Hudaonua
481 3702 516 3759 iu
531 3696 658 3781 Geogr.
671 3719 722 3783 gr.
734 3703 816 3761 min.
830 3699 873 3762 Τ.
883 3699 908 3762 i.
920 3700 1067 3763 subiecta
1081 3699 1258 3767 Doctaetti

210 3781 342 3846 dissert.
377 3783 420 3846 de
438 3784 580 3872 ccriptia
603 3796 637 3848 et
663 3796 781 3849 aetate
805 3784 991 3851 Marciani
1015 3785 1162 3853 Heracb.
1202 3783 1255 3851 Cf.

209 3869 437 3935 Bredowr‘am
459 3869 496 3933 in
518 3869 607 3957 Epp.
630 3868 890 3935 Pariaicnsibua.

187 4000 192 4009 ·
277 3954 449 4045 Stephani
462 3956 644 4045 Byzantii,
667 3957 847 4029 Marciano
869 3958 1033 4035 iunioris,
1055 3967 1143 4021 actae
1166 3960 1257 4045 circa

209 4061 297 4107 naec.
317 4043 372 4105 i'ti
387 4042 491 4104 tinem
512 4046 602 4130 (47²)
624 4047 852 4109 constituitur.
896 4046 1044 4113 Etlrnici
1064 4058 1258 4127 cognomen

200 4129 339 4214 'accepit
360 4128 401 4192 ab
421 4151 526 4217 opere
550 4131 640 4215 quod
664 4131 714 4198 ad
729 4132 977 4199 clementorum
993 4133 1149 4197 ordinem
1172 4152 1258 4198 cau·
