2942 4875
215 522 265 572 so
484 514 712 568 carrina
734 483 997 566 renarras

221 675 371 744 maulam
396 683 432 738 et
451 671 637 762 Smyrnam
662 670 802 748 urbem,
835 670 965 737 Meleti
991 667 1098 734 flavio
1120 664 1271 735 viciam

223 762 333 853 (unde
346 757 577 844 Μελησιγινής
596 762 721 847 passim
739 760 895 848 dicitnr),
918 758 1195 821 testimoniorum
1207 774 1272 816 au·

220 855 360 915 ctoritas
383 845 547 923 lluctuat,
571 858 609 911 ut
632 847 827 934 dereptam
847 843 991 908 urbibus
1012 856 1162 915 taceam,
1187 861 1272 928 ques

228 936 345 1002 Gellio
359 942 445 996 teste
465 931 541 1015 (ΙΙΙ.
562 935 628 1021 ιι.)
649 936 771 1023 poetae
788 932 932 1018 patriam
950 935 1106 995 certatim
1118 924 1182 992 sibi
1195 929 1274 992 vin-

180 1017 185 1022 ’
224 1020 389 1086 ἀίοανίευθ
411 1018 613 1104 legimus*).
648 1025 806 1084 Aetatem
828 1040 910 1085 vero
929 1021 1070 1104 poetae,
1093 1021 1129 1078 in
1147 1033 1273 1098 magns

220 1108 473 1171 sententiarum
495 1104 704 1184 diversitate,
727 1105 769 1168 ad
788 1103 986 1170 Marmoris
1009 1103 1113 1168 Parii
1129 1099 1273 1178 ductum

223 1215 290 1259 nos
311 1193 541 1281 applicantes,
557 1193 795 1280 complurium
815 1192 972 1255 virorum
995 1191 1274 1255 doctorumcon-

225 1302 349 1356 sensu,
371 1280 418 1343 ita
440 1277 680 1360 delinivimus,
705 1288 746 1342 ut
766 1279 863 1340 annis
886 1273 1020 1365 septeni
1040 1288 1075 1339 et
1090 1273 1276 1363 nongentis

229 1367 371 1430 circiter
399 1375 478 1428 ante
498 1387 594 1428 nesae
612 1365 759 1452 vulgaris
778 1364 964 1452 epocham.
987 1362 1144 1427 ducentis
1160 1370 1275 1423 autem

225 1452 457 1541 septuaginta
484 1464 614 1543 septem
642 1464 725 1541 post
758 1451 886 1516 Troiae
906 1450 1081 1515 excidium
1108 1468 1188 1511 eum
1207 1444 1276 1510 flo-

224 1543 337 1603 ruisse
365 1537 552 1614 c'onstaret,
576 1560 662 1623 quaa
681 1539 770 1603 ratio
792 1538 949 1603 omnium
977 1534 1143 1601 facillima
1168 1534 1276 1599 mini-

222 1625 290 1691 mis
313 1625 426 1710 premi
447 1625 678 1690 incommodis
700 1627 773 1689 risa
793 1635 856 1693 est.

256 1794 371 1871 Heyaii
389 1794 596 1850 commentatio
620 1796 655 1852 de
675 1801 790 1868 satique
812 1797 930 1851 Homeri
961 1794 1083 1849 lectione
1107 1792 1274 1862 indaganda,

328 1865 511 1917 diiudicanda
529 1876 559 1917 et
579 1867 769 1931 restituenda,
797 1863 902 1917 inserts
913 1866 1111 1919 commentatt
1138 1881 1229 1915 socr
1266 1900 1275 1916 .

328 1934 425 1986 scient.
453 1933 583 2000 Gotting.
603 1935 665 1987 Vol.
685 1935 768 1988 Xlll.
808 1936 859 1985 ‚15
886 1953 945 2005 sqq.
975 1930 1233 1987 alerannum

327 2003 365 2060 sd
388 1999 455 2062 libr.
471 1999 583 2058 xxiv.
602 2002 701 2060 iliadis
710 2044 720 2072 ‚
739 1953 806 2060 voi
824 1953 905 2058 Vfll.
925 2001 1015 2076 p.819
1027 2019 1088 2074 sqq.

697 2156 726 2249 a.
753 2156 802 2227 a.

289 2323 365 2392 iam
394 2327 587 2393 carminum
620 2333 819 2419 epicorum,
851 2349 938 2417 qnae
970 2328 1117 2393 Homeri
1145 2347 1277 2393 nomen

222 2436 307 2519 prae
334 2433 370 2477 se
389 2412 520 2494 ferunt,
543 2436 678 2481 summa
695 2419 901 2507 praestantia
923 2433 995 2483 non
1016 2415 1135 2483 aeolis
1157 2426 1278 2481 vatum

223 2501 381 2590 sargeniis
401 2523 510 2591 prope
530 2502 672 2583 divinis,
708 2506 829 2592 quibus
853 2527 892 2569 ea
909 2505 1096 2579 debemus,
1119 2513 1277 2590 repeten-

224 2588 268 2653 da
294 2587 446 2671 videtur3
473 2610 636 2676 magnam
653 2589 778 2657 hurum
798 2592 937 2656 landum
963 2603 1096 2680 panem
1118 2590 1192 2660 iure
1215 2587 1280 2651 sibi

222 2674 403 2742 vindicant
423 2686 499 2742 tum
519 2678 648 2742 aetatis
670 2689 703 2742 et
723 2682 861 2769 gentis,
895 2680 938 2744 ad
967 2700 1050 2764 quas
1068 2675 1277 2753 referuntur,

223 2762 1279 2854 vitaequeetmornm,quorumimaginemenprhnnnuindo-

222 2848 289 2927 les,
312 2859 388 2912 tum
412 2870 495 2913 vero
515 2852 685 2916 sermonis
703 2854 819 2943 prisci
838 2852 881 2916 ad
900 2853 1042 2940 poesin,
1065 2852 1095 2915 si
1117 2851 1192 2938 quis
1213 2849 1277 2912 ali-

222 2955 281 3015 us,
304 2937 556 3001 accommodati
574 2947 694 3001 natura
716 2941 892 3025 colorque.
940 2940 1037 3019 Quae
1060 2959 1196 3014 causae,
1220 2958 1278 3000 ca·

226 3044 268 3084 su
283 3032 342 3087 aut
357 3020 446 3085 sorte
465 3022 606 3088 fartum
626 3024 762 3090 iunctae
783 3036 817 3089 et
834 3024 1028 3117 copulatae,
1052 3022 1214 3102 effecere,
1235 3031 1278 3084 ut

222 3107 404 3186 velnunc,
433 3121 515 3197 post
538 3111 642 3200 plura
667 3133 840 3178 annorum
865 3111 990 3189 millia,
1021 3131 1091 3174 non
1120 3111 1279 3175 abstento

163 3278 167 3281 -
221 3195 457 3284 populorum,
490 3218 645 3277 morum,
668 3199 922 3276 institutorum,
944 3198 1177 3285 religionum,
1201 3194 1280 3259 cul-

222 3293 338 3360 turae,
368 3282 567 3370 linguarum
596 3294 630 3348 et
649 3288 816 3352 orationis
837 3280 975 3351 nostrae
996 3306 1130 3348 summa
1147 3284 1278 3348 discre-

222 3369 365 3458 pentia,
389 3369 524 3435 divinos
549 3381 668 3436 cantus
689 3373 839 3463 legentis
859 3373 1014 3438 animum
1035 3366 1181 3435 mirifice
1200 3370 1280 3435 alli-

224 3457 333 3535 ciant,
358 3455 551 3535 detineant,
575 3458 810 3525 admirationis
832 3473 866 3526 et
884 3460 1197 3548 voluptatis¹sensu
1219 3458 1280 3520 in·

224 3541 407 3628 explebilis
427 3543 577 3609 afficiant
596 3567 715 3610 rerum
736 3558 953 3612 narratarum
968 3544 1102 3609 infinita
1126 3546 1224 3632 copie
1238 3563 1278 3608 sc

226 3631 391 3709 serietas,
429 3630 700 3719 descriptionum
731 3636 856 3700 veritas
886 3645 920 3699 et
944 3654 1078 3698 summa
1100 3629 1280 3721 s'aeipyssa3

229 3735 456 3803 personarum
482 3720 551 3782 sive
580 3716 818 3786 characterum
840 3723 953 3786 torma
977 3718 1163 3806 multiplex
1183 3720 1281 3783 iuxta

228 3823 269 3873 sc
285 3806 451 3888 gravitas,
476 3816 662 3895 perpetuus
680 3818 800 3886 tenor,
824 3819 859 3872 et
879 3810 921 3874 ad
939 3818 1081 3873 naturae
1099 3805 1280 3870 veritatem

227 3891 388 3979 proxime
416 3893 581 3958 accedens
611 3894 819 3979 similitud03
858 3905 1000 3965 eventus
1028 3892 1218 3973 mirabiles,
1247 3899 1282 3957 et

261 4165 290 4236 ·>
303 4160 392 4251 ‘aa
411 4167 503 4235 nan
519 4170 662 4246 aalma»
679 4167 963 4248 aslianna

294 4239 425 4312 '‘W‘’
436 4234 551 4307 ‘Pax'
570 4238 706 4316 5⁰²⁰&
713 4281 724 4309 s
741 4243 868 4314 Σὼμῖἵ
874 4282 884 4314 s
897 4243 968 4310 Ἴος,
979 4237 1073 4317 ’limi
1080 4235 1230 4313 e’ffilm
