2942 4875
235 357 280 425 80
467 373 637 424 rasum
658 371 864 430 tusorum.
888 372 1044 429 ruamus

702 532 728 625 s.
753 533 808 600 51.

274 710 448 775 .Socratis
482 706 576 774 enim
604 710 802 796 exemplum
829 710 933 773 modo
964 720 1278 778 commemoratum

236 795 293 861 alii
313 798 473 885 deinceps
493 803 618 874 secuti,
652 797 783 860 fabulas
805 795 943 881 Aesopo
967 797 1069 881 vulgo
1091 800 1277 884 adscriptas

234 886 329 949 vatio
356 886 456 947 metri
476 906 599 966 genero
625 885 875 956 condiderunt,
906 885 996 946 inter
1023 907 1108 970 quos
1128 888 1280 949 maxime

233 971 387 1038 innotuit
410 968 581 1048 Rati-iia,
615 970 763 1034 Phaedri
781 985 812 1033 et
832 967 981 1054 Augusti
1004 981 1110 1034 aetate
1139 983 1281 1037 centum

237 1059 374 1121 circiter
390 1061 495 1128 annis
504 1058 666 1144 superior
679 1059 777 1143 po'e‘ta
796 1055 958 1132 Graecus,
979 1061 1035 1143 qui
1052 1057 1190 1141 μύθους
1205 1063 1227 1123 i.
1246 1080 1278 1123 e.

231 1142 370 1208 tabulas
404 1166 490 1229 quae
520 1145 583 1207 sub
613 1144 746 1231 Aesopi
782 1144 922 1206 nomine
948 1141 1146 1209 ferebantur
1177 1166 1279 1210 versu

233 1231 433 1296 elioliambo
461 1231 531 1293 sire
554 1244 713 1294 scazonis
732 1229 766 1293 h.
788 1253 817 1293 e.
836 1229 949 1293 iambo
975 1234 1109 1294 senario
1128 1232 1187 1318 qui
1205 1234 1280 1296 exit

234 1319 271 1381 in
290 1317 483 1403 spondeum
503 1317 554 1379 vol
585 1315 786 1386 trochaeum
816 1317 937 1400 ligasse
959 1316 1093 1380 dicitur.
1150 1316 1277 1382 Diver-

236 1426 355 1468 sorum
374 1404 505 1468 fabulas
527 1404 588 1466 lias
609 1416 722 1470 metro
747 1404 877 1467 vinctas
898 1404 1005 1466 serius
1029 1405 1189 1467 exstitere
1217 1405 1278 1491 qui

234 1492 273 1554 in
297 1489 442 1553 solutam
455 1492 644 1554 orationem
657 1490 884 1554 transferrent
914 1500 947 1552 et
961 1491 1061 1553 variis
1075 1493 1185 1554 modis
1195 1492 1277 1553 imi·
1308 1558 1313 1569 ,

233 1587 402 1652 tarentus,
417 1577 543 1663 partim
556 1578 788 1643 adolescentes
809 1577 938 1662 ingenii
952 1578 1134 1641 exercendi
1153 1587 1187 1640 et
1202 1576 1277 1642 for-

227 1665 377 1727 anandae
390 1665 553 1727 orationis
570 1685 686 1741 causa,
700 1686 730 1726 r.
743 1664 889 1743 Quintil.
905 1664 985 1728 lust.
1005 1662 1066 1730 Or.
1086 1663 1110 1727 l.
1129 1686 1161 1751 9.
1173 1664 1276 1750 idque

232 1750 303 1814 iam
333 1750 468 1814 labente
501 1749 645 1814 Graecia
673 1751 803 1814 factum
834 1772 925 1829 esse,
963 1760 1131 1815 testantur
1164 1757 1277 1815 variae

233 1836 485 1925 Aesopicuruni
501 1836 695 1900 fabularum
707 1836 945 1914 collectiones,
969 1859 1050 1923 quas
1068 1836 1189 1902 Bonus
1203 1838 1275 1902 Ac-

230 1926 386 2000 cursim,
416 1923 507 1986 Reli.
529 1923 745 2010 Steplmnus,
779 1923 987 1998 Neveletus,
1015 1924 1274 2011 Reclrefortius,

231 2009 427 2086 Matthaei,
441 2008 666 2092 tyrwliitius,
678 2009 809 2074 Frane.
822 2010 864 2074 de
873 2011 909 2074 F
907 2012 996 2088 urio,
1015 2009 1063 2073 Io.
1076 2007 1119 2072 G.
1130 2011 1273 2074 Schnei-

233 2096 337 2160 ‹lerus
357 2117 376 2158 e
397 2096 496 2158 codd.
516 2117 595 2158 mss.
612 2095 803 2160 ediderunt.
849 2095 979 2161 Babrii
1005 2106 1117 2160 tamen
1140 2094 1272 2159 fabula-

232 2201 312 2244 rum
334 2181 546 2268 poeticarum
575 2180 723 2269 sylloge,
756 2204 858 2269 quae,
893 2182 1005 2247 Sur'da
1028 2193 1129 2260 teste,
1157 2184 1274 2246 decem

137 2320 141 2326 .
234 2263 332 2332 libris
356 2269 552 2344 constabat,
574 2279 609 2332 et
624 2268 759 2333 saeculo
780 2270 865 2333 adeo
882 2268 963 2333 Xll.
976 2269 1122 2333 fortasse
1140 2276 1274 2354 integra

233 2355 384 2430 exstitit,
407 2354 642 2443 plurimorum
664 2357 916 2443 insequentium
944 2356 1175 2420 fabulatorem
1192 2355 1273 2419 lons

233 2443 412 2509 habendus
424 2453 489 2521 est,
512 2462 556 2504 ex
568 2465 658 2528 quo,
679 2465 782 2508 versu
797 2445 925 2521 soluto,
948 2441 1078 2508 fabulas
1098 2465 1175 2507 suas
1187 2466 1273 2531 pro-

233 2536 321 2594 seria
336 2530 491 2593 oratione
502 2527 686 2618 descriptas
697 2530 894 2609 haurirent,
917 2530 1044 2594 relictis
1056 2529 1273 2595 tamenmul-

232 2618 277 2680 tis
309 2618 461 2704 poe'tieae
496 2614 654 2681 dictionis
683 2619 851 2702 vestigiis,
889 2616 994 2704 quid?
1023 2638 1166 2681 nouuun
1192 2638 1272 2680 uam

234 2703 318 2768 adeo
340 2702 495 2767 versibus
513 2703 591 2768 totis
610 2726 667 2767 seu
690 2705 885 2768 dimidiatis.
936 2702 975 2767 ld
995 2704 1085 2789 quod
1111 2709 1149 2768 in
1168 2639 1270 2767 labu-

231 2790 275 2865 lis
292 2813 312 2853 a
330 2789 499 2855 Neveleto
519 2789 635 2868 editis,
665 2790 807 2876 aliisque
824 2814 841 2854 e
856 2791 929 2853 coa
946 2789 1131 2856 Bodleiano
1150 2790 1271 2875 vulge-

232 2882 288 2953 tis,
311 2875 492 2962 probatum
509 2876 648 2941 iverunt
663 2877 846 2941 Bentleius
861 2878 899 2940 in
919 2876 1051 2941 dissert.
1071 2880 1114 2944 de
1133 2876 1267 2964 Aesopi

233 2962 385 3030 Fabulis
405 2962 430 3052 i.
451 2987 500 3051 7.;
529 2973 563 3027 et
587 2964 804 3052 Tyrwlzz'ttus
830 2964 867 3026 in
897 2961 1026 3028 dissert.
1056 2965 1116 3032 De
1134 2964 1271 3029 Badrin

223 3049 437 3141 februarum
461 3051 701 3138 Aesopearum
722 3054 892 3138 scriptore
919 3051 1072 3115 Londini
1101 3053 1194 3139 1776.
1216 3051 1270 3130 8.,

158 3206 162 3212 ,
230 3158 349 3201 recusa
374 3157 453 3200 cum
472 3135 656 3215 Auctario,
689 3135 783 3222 quod
811 3136 1027 3222 Tyrwhittus
1049 3137 1185 3226 Orphei
1204 3137 1271 3201 Li·

229 3224 406 3287 thicorum
426 3222 568 3286 editioni
580 3244 659 3288 suae
670 3225 854 3310 adiecerpt,
876 3224 918 3286 ab
932 3225 1102 3290 Harlesio
1114 3223 1269 3302 ,Erlan-

161 3318 166 3325 '
227 3332 290 3395 gae
308 3310 398 3396 1785.
416 3309 467 3391 8.;
489 3330 601 3396 nuper
620 3320 733 3375 autem
754 3312 796 3373 de
807 3310 930 3374 sabulis
949 3313 1075 3375 ecodd.
1093 3311 1270 3375 Vaticanis

110 3464 116 3481 ‚
228 3420 249 3460 a
267 3397 459 3461 Francisco
481 3396 525 3459 de
545 3396 662 3463 Furia
677 3417 797 3462 recens
818 3396 979 3482 vulgatis,
1003 3421 1149 3486 quarum
1173 3420 1265 3462 non·

227 3484 346 3549 nullae
374 3482 457 3569 ipsis
485 3479 602 3547 Babrii
627 3482 739 3548 verbis
768 3483 919 3546 redditae
946 3497 1043 3565 sunt,
1074 3488 1266 3550 docueruut

225 3582 303 3634 tum
321 3571 441 3633 doctus
465 3570 679 3634 existimator
709 3570 746 3633 in
773 3569 993 3656 Ephemerid.
1017 3573 1108 3638 litter
1130 3572 1263 3641 lenens.

230 3668 383 3723 18101112
404 3657 476 3719 284.
498 3656 662 3742 pedesq.
687 3666 761 3720 tum
792 3659 941 3721 maxime
971 3659 1126 3737 Coranus
1155 3662 1199 3722 V.
1223 3660 1263 3726 C.

225 3743 264 3809 in
280 3745 531 3829 Aesopiearurn
550 3741 641 3807 sabb.
683 3742 853 3808 lenissima
873 3741 1020 3811 editione
1037 3735 1096 3810 sua
1112 3748 1262 3824 Parisiis,

229 3832 323 3897 ³810.
335 3832 365 3899 8.
390 3830 537 3914 denique
555 3830 626 3898 Cel.
674 3831 875 3898 edneiderus
888 3833 923 3896 in
937 3830 1132 3899 fabularum
1156 3857 1174 3897 e
1187 3834 1262 3899 cod.

226 3919 434 4003 Augustano
453 3918 639 3982 novissima
666 3918 814 3982 editione
840 3942 858 3982 a
883 3944 917 3984 se
948 3934 1062 3986 curata
1091 3922 1261 3987 watisla-

223 4005 301 4069 ‘t'iae
325 4002 417 4070 1812.
435 4005 485 4078 8.,
506 4002 655 4069 adhibita
675 4006 713 4069 in
730 4007 947 4073 restituendis
969 4010 1125 4095 genuinis
1144 4009 1261 4074 Babrii

222 4088 348 4158 fabulis
370 4088 586 4159 Buttmanni
604 4103 638 4156 et
657 4092 852 4162 Niebulm'i
867 4112 982 4184 opera.
1026 4098 1173 4163 Easdem
1190 4096 1260 4160 Be·
