<?xml version="1.0" encoding="UTF-8"?>
<!DOCTYPE html PUBLIC "-//W3C//DTD XHTML 1.0 Transitional//EN"
    "http://www.w3.org/TR/xhtml1/DTD/xhtml1-transitional.dtd">
<html xmlns="http://www.w3.org/1999/xhtml" xml:lang="en" lang="en">
 <head>
  <title>
</title>
<meta http-equiv="Content-Type" content="text/html;charset=utf-8" />
  <meta name='ocr-system' content='tesseract 3.04.00' />
  <meta name='ocr-capabilities' content='ocr_page ocr_carea ocr_par ocr_line ocrx_word'/>
</head>
<body>
  <div class='ocr_page' id='page_1' title='image "./initiahistoriae00grodgoog_0175.png"; bbox 0 0 2942 4875; ppageno 0'>
   <div class='ocr_carea' id='block_1_1' title="bbox 448 443 1265 517">
    <p class='ocr_par' dir='ltr' id='par_1_1' title="bbox 448 443 1265 517">
     <span class='ocr_line' id='line_1_1' title="bbox 448 443 1265 517; baseline -0.006 -4"><span class='ocrx_word' id='word_1_1' title='bbox 448 446 748 517; x_wconf 75' lang='lat' dir='ltr'>Cououursss</span> <span class='ocrx_word' id='word_1_2' title='bbox 777 443 1034 514; x_wconf 79' lang='lat' dir='ltr'>Oururuss</span> <span class='ocrx_word' id='word_1_3' title='bbox 1204 445 1265 514; x_wconf 72' lang='lat'>165</span> 
     </span>
    </p>
   </div>
   <div class='ocr_carea' id='block_1_2' title="bbox 163 617 1299 1922">
    <p class='ocr_par' dir='ltr' id='par_1_2' title="bbox 163 617 1300 1922">
     <span class='ocr_line' id='line_1_2' title="bbox 217 617 1261 709; baseline -0.006 -21"><span class='ocrx_word' id='word_1_4' title='bbox 217 620 378 688; x_wconf 87' lang='lat' dir='ltr'>adversus</span> <span class='ocrx_word' id='word_1_5' title='bbox 398 619 597 709; x_wconf 81' lang='lat' dir='ltr'>Philippum</span> <span class='ocrx_word' id='word_1_6' title='bbox 626 642 742 705; x_wconf 78' lang='lat' dir='ltr'>regem</span> <span class='ocrx_word' id='word_1_7' title='bbox 765 620 993 687; x_wconf 77' lang='lat' dir='ltr'><strong>Macedonum</strong></span> <span class='ocrx_word' id='word_1_8' title='bbox 1018 617 1088 704; x_wconf 89' lang='lat' dir='ltr'>(Ol.</span> <span class='ocrx_word' id='word_1_9' title='bbox 1102 617 1176 683; x_wconf 84' lang='lat' dir='ltr'>CX.</span> <span class='ocrx_word' id='word_1_10' title='bbox 1191 622 1220 684; x_wconf 83' lang='lat'>3.</span> <span class='ocrx_word' id='word_1_11' title='bbox 1232 639 1261 682; x_wconf 69' lang='lat' dir='ltr'>a‘.</span> 
     </span>
     <span class='ocr_line' id='line_1_3' title="bbox 163 706 1262 800; baseline -0.006 -27"><span class='ocrx_word' id='word_1_12' title='bbox 163 729 165 738; x_wconf 66' lang='lat'><strong>¹</strong></span> <span class='ocrx_word' id='word_1_13' title='bbox 216 709 383 800; x_wconf 34' lang='grc'><strong>0113358.)</strong></span> <span class='ocrx_word' id='word_1_14' title='bbox 411 706 555 785; x_wconf 82' lang='lat' dir='ltr'>infelici,</span> <span class='ocrx_word' id='word_1_15' title='bbox 577 708 649 795; x_wconf 85' lang='lat' dir='ltr'>ipsa</span> <span class='ocrx_word' id='word_1_16' title='bbox 671 706 860 791; x_wconf 76' lang='lat' dir='ltr'><strong>respublica</strong></span> <span class='ocrx_word' id='word_1_17' title='bbox 885 731 991 795; x_wconf 83' lang='lat' dir='ltr'>prope</span> <span class='ocrx_word' id='word_1_18' title='bbox 1012 713 1177 771; x_wconf 84' lang='lat' dir='ltr'>exstincta</span> <span class='ocrx_word' id='word_1_19' title='bbox 1207 725 1262 767; x_wconf 86' lang='lat' dir='ltr'>es·</span> 
     </span>
     <span class='ocr_line' id='line_1_4' title="bbox 214 792 1263 879; baseline -0.008 -19"><span class='ocrx_word' id='word_1_20' title='bbox 214 808 284 860; x_wconf 82' lang='lat' dir='ltr'>sot:</span> <span class='ocrx_word' id='word_1_21' title='bbox 306 797 457 858; x_wconf 86' lang='lat' dir='ltr'>instituta</span> <span class='ocrx_word' id='word_1_22' title='bbox 473 795 592 869; x_wconf 85' lang='lat' dir='ltr'>etiam,</span> <span class='ocrx_word' id='word_1_23' title='bbox 615 815 700 879; x_wconf 84' lang='lat' dir='ltr'>quae</span> <span class='ocrx_word' id='word_1_24' title='bbox 723 796 758 858; x_wconf 87' lang='lat' dir='ltr'>in</span> <span class='ocrx_word' id='word_1_25' title='bbox 781 792 1020 858; x_wconf 78' lang='lat' dir='ltr'>florentissima</span> <span class='ocrx_word' id='word_1_26' title='bbox 1040 803 1117 879; x_wconf 88' lang='lat' dir='ltr'>post</span> <span class='ocrx_word' id='word_1_27' title='bbox 1140 794 1263 857; x_wconf 85' lang='lat' dir='ltr'>Persa·</span> 
     </span>
     <span class='ocr_line' id='line_1_5' title="bbox 214 879 1286 965; baseline -0.007 -18"><span class='ocrx_word' id='word_1_28' title='bbox 214 901 295 947; x_wconf 84' lang='lat' dir='ltr'>rum</span> <span class='ocrx_word' id='word_1_29' title='bbox 326 881 413 945; x_wconf 90' lang='lat' dir='ltr'>bella</span> <span class='ocrx_word' id='word_1_30' title='bbox 447 882 590 948; x_wconf 73' lang='lat' dir='ltr'>civitate</span> <span class='ocrx_word' id='word_1_31' title='bbox 617 883 809 965; x_wconf 79' lang='lat' dir='ltr'>riguerunt,</span> <span class='ocrx_word' id='word_1_32' title='bbox 842 883 969 946; x_wconf 83' lang='lat' dir='ltr'>sensim</span> <span class='ocrx_word' id='word_1_33' title='bbox 1000 879 1161 944; x_wconf 81' lang='lat' dir='ltr'>labefacta</span> <span class='ocrx_word' id='word_1_34' title='bbox 1185 898 1286 940; x_wconf 88' lang='lat' dir='ltr'>cor--</span> 
     </span>
     <span class='ocr_line' id='line_1_6' title="bbox 216 959 1263 1067; baseline -0.006 -33"><span class='ocrx_word' id='word_1_35' title='bbox 216 968 336 1047; x_wconf 85' lang='lat' dir='ltr'>ruisse,</span> <span class='ocrx_word' id='word_1_36' title='bbox 349 959 494 1067; x_wconf 77' lang='lat' dir='ltr'>cumque</span> <span class='ocrx_word' id='word_1_37' title='bbox 506 965 558 1030; x_wconf 81' lang='lat' dir='ltr'>liis</span> <span class='ocrx_word' id='word_1_38' title='bbox 574 967 793 1052; x_wconf 80' lang='lat' dir='ltr'>ingeniorum</span> <span class='ocrx_word' id='word_1_39' title='bbox 812 969 948 1053; x_wconf 73' lang='lat' dir='ltr'>copiam</span> <span class='ocrx_word' id='word_1_40' title='bbox 965 989 1004 1032; x_wconf 86' lang='lat' dir='ltr'>ao</span> <span class='ocrx_word' id='word_1_41' title='bbox 1021 970 1263 1053; x_wconf 85' lang='lat' dir='ltr'>praestantiam</span> 
     </span>
     <span class='ocr_line' id='line_1_7' title="bbox 215 1051 1265 1141; baseline -0.009 -22"><span class='ocrx_word' id='word_1_42' title='bbox 215 1054 318 1119; x_wconf 88' lang='lat' dir='ltr'>simul</span> <span class='ocrx_word' id='word_1_43' title='bbox 340 1052 501 1119; x_wconf 77' lang='lat' dir='ltr'>defecisse</span> <span class='ocrx_word' id='word_1_44' title='bbox 523 1062 592 1118; x_wconf 83' lang='lat' dir='ltr'><strong>no&#39;n</strong></span> <span class='ocrx_word' id='word_1_45' title='bbox 611 1054 770 1139; x_wconf 88' lang='lat' dir='ltr'>estquod</span> <span class='ocrx_word' id='word_1_46' title='bbox 788 1055 964 1118; x_wconf 86' lang='lat' dir='ltr'>miremur.</span> <span class='ocrx_word' id='word_1_47' title='bbox 993 1052 1109 1141; x_wconf 87' lang='lat' dir='ltr'>ltaque</span> <span class='ocrx_word' id='word_1_48' title='bbox 1131 1051 1265 1129; x_wconf 72' lang='lat' dir='ltr'>accidit,</span> 
     </span>
     <span class='ocr_line' id='line_1_8' title="bbox 214 1140 1299 1227; baseline -0.005 -22"><span class='ocrx_word' id='word_1_49' title='bbox 214 1151 254 1205; x_wconf 92' lang='lat' dir='ltr'>ut</span> <span class='ocrx_word' id='word_1_50' title='bbox 270 1142 398 1226; x_wconf 82' lang='lat' dir='ltr'>tragico</span> <span class='ocrx_word' id='word_1_51' title='bbox 422 1140 553 1227; x_wconf 65' lang='lat' dir='ltr'>poesis,</span> <span class='ocrx_word' id='word_1_52' title='bbox 586 1162 672 1227; x_wconf 89' lang='lat' dir='ltr'>quae</span> <span class='ocrx_word' id='word_1_53' title='bbox 697 1150 772 1227; x_wconf 88' lang='lat' dir='ltr'>post</span> <span class='ocrx_word' id='word_1_54' title='bbox 801 1142 966 1226; x_wconf 82' lang='lat' dir='ltr'><strong>Aeschyli</strong></span> <span class='ocrx_word' id='word_1_55' title='bbox 990 1151 1151 1212; x_wconf 78' lang='lat' dir='ltr'>conatus,</span> <span class='ocrx_word' id='word_1_56' title='bbox 1183 1140 1270 1224; x_wconf 56' lang='lat' dir='ltr'>brea·-¹&gt;</span> <span class='ocrx_word' id='word_1_57' title='bbox 1297 1211 1299 1218; x_wconf 29' lang='grc' dir='ltr'>Ι</span> 
     </span>
     <span class='ocr_line' id='line_1_9' title="bbox 214 1225 1263 1314; baseline -0.003 -25"><span class='ocrx_word' id='word_1_58' title='bbox 214 1229 353 1291; x_wconf 88' lang='lat' dir='ltr'>vissimo</span> <span class='ocrx_word' id='word_1_59' title='bbox 376 1226 541 1314; x_wconf 85' lang='lat' dir='ltr'>temporis</span> <span class='ocrx_word' id='word_1_60' title='bbox 563 1227 760 1301; x_wconf 80' lang='lat' dir='ltr'>intervallo,</span> <span class='ocrx_word' id='word_1_61' title='bbox 784 1225 960 1310; x_wconf 73' lang='lat' dir='ltr'><strong>Sophoclis</strong></span> <span class='ocrx_word' id='word_1_62' title='bbox 983 1240 1054 1290; x_wconf 87' lang='lat' dir='ltr'>arte</span> <span class='ocrx_word' id='word_1_63' title='bbox 1083 1227 1197 1292; x_wconf 79' lang='lat' dir='ltr'>diviua</span> <span class='ocrx_word' id='word_1_64' title='bbox 1226 1231 1263 1286; x_wconf 86' lang='lat' dir='ltr'>iu</span> 
     </span>
     <span class='ocr_line' id='line_1_10' title="bbox 213 1310 1263 1400; baseline -0.007 -21"><span class='ocrx_word' id='word_1_65' title='bbox 213 1335 388 1379; x_wconf 88' lang='lat' dir='ltr'>summum</span> <span class='ocrx_word' id='word_1_66' title='bbox 405 1324 477 1376; x_wconf 85' lang='lat' dir='ltr'>erat</span> <span class='ocrx_word' id='word_1_67' title='bbox 499 1312 718 1399; x_wconf 82' lang='lat' dir='ltr'>perfectionis</span> <span class='ocrx_word' id='word_1_68' title='bbox 735 1310 907 1398; x_wconf 75' lang='lat' dir='ltr'><strong>fastigium</strong></span> <span class='ocrx_word' id='word_1_69' title='bbox 925 1323 1056 1390; x_wconf 77' lang='lat' dir='ltr'>evectu,</span> <span class='ocrx_word' id='word_1_70' title='bbox 1082 1324 1159 1400; x_wconf 90' lang='lat' dir='ltr'>post</span> <span class='ocrx_word' id='word_1_71' title='bbox 1178 1333 1263 1373; x_wconf 86' lang='lat' dir='ltr'>cou-</span> 
     </span>
     <span class='ocr_line' id='line_1_11' title="bbox 213 1397 1263 1487; baseline -0.008 -21"><span class='ocrx_word' id='word_1_72' title='bbox 213 1404 343 1466; x_wconf 85' lang='lat' dir='ltr'>soriata</span> <span class='ocrx_word' id='word_1_73' title='bbox 364 1400 467 1464; x_wconf 79' lang='lat' dir='ltr'>liuius</span> <span class='ocrx_word' id='word_1_74' title='bbox 485 1408 519 1460; x_wconf 89' lang='lat' dir='ltr'>et</span> <span class='ocrx_word' id='word_1_75' title='bbox 540 1397 716 1485; x_wconf 84' lang='lat' dir='ltr'>Euripidis</span> <span class='ocrx_word' id='word_1_76' title='bbox 734 1397 821 1476; x_wconf 79' lang='lat' dir='ltr'>fate,</span> <span class='ocrx_word' id='word_1_77' title='bbox 844 1399 903 1463; x_wconf 82' lang='lat' dir='ltr'>vix</span> <span class='ocrx_word' id='word_1_78' title='bbox 915 1399 957 1462; x_wconf 86' lang='lat' dir='ltr'>ab</span> <span class='ocrx_word' id='word_1_79' title='bbox 977 1398 1089 1487; x_wconf 88' lang='lat' dir='ltr'>aliquo</span> <span class='ocrx_word' id='word_1_80' title='bbox 1108 1399 1263 1462; x_wconf 85' lang='lat' dir='ltr'>eminen-</span> 
     </span>
     <span class='ocr_line' id='line_1_12' title="bbox 212 1485 1262 1572; baseline -0.007 -18"><span class='ocrx_word' id='word_1_81' title='bbox 212 1489 311 1554; x_wconf 84' lang='lat' dir='ltr'>tioris</span> <span class='ocrx_word' id='word_1_82' title='bbox 334 1485 462 1568; x_wconf 83' lang='lat' dir='ltr'>ingenii</span> <span class='ocrx_word' id='word_1_83' title='bbox 486 1486 606 1548; x_wconf 85' lang='lat' dir='ltr'>artisve</span> <span class='ocrx_word' id='word_1_84' title='bbox 628 1485 726 1571; x_wconf 79' lang='lat' dir='ltr'>poe&#39;ta</span> <span class='ocrx_word' id='word_1_85' title='bbox 750 1485 897 1572; x_wconf 84' lang='lat' dir='ltr'>amplius</span> <span class='ocrx_word' id='word_1_86' title='bbox 926 1485 1060 1550; x_wconf 84' lang='lat' dir='ltr'>exculta</span> <span class='ocrx_word' id='word_1_87' title='bbox 1081 1485 1206 1564; x_wconf 80' lang='lat' dir='ltr'>luerit,</span> <span class='ocrx_word' id='word_1_88' title='bbox 1229 1493 1262 1547; x_wconf 85' lang='lat' dir='ltr'>et</span> 
     </span>
     <span class='ocr_line' id='line_1_13' title="bbox 212 1570 1263 1658; baseline -0.006 -19"><span class='ocrx_word' id='word_1_89' title='bbox 212 1593 299 1639; x_wconf 82' lang='lat' dir='ltr'>mox</span> <span class='ocrx_word' id='word_1_90' title='bbox 316 1582 387 1633; x_wconf 88' lang='lat' dir='ltr'>tota</span> <span class='ocrx_word' id='word_1_91' title='bbox 410 1571 568 1649; x_wconf 78' lang='lat' dir='ltr'>iacuerit,</span> <span class='ocrx_word' id='word_1_92' title='bbox 590 1570 717 1648; x_wconf 86' lang='lat' dir='ltr'>donec,</span> <span class='ocrx_word' id='word_1_93' title='bbox 741 1592 858 1634; x_wconf 82' lang='lat' dir='ltr'>rerum</span> <span class='ocrx_word' id='word_1_94' title='bbox 886 1593 926 1635; x_wconf 89' lang='lat' dir='ltr'>ac</span> <span class='ocrx_word' id='word_1_95' title='bbox 943 1582 1139 1658; x_wconf 88' lang='lat' dir='ltr'>temporum</span> <span class='ocrx_word' id='word_1_96' title='bbox 1156 1580 1189 1633; x_wconf 86' lang='lat' dir='ltr'>et</span> <span class='ocrx_word' id='word_1_97' title='bbox 1207 1570 1263 1633; x_wconf 90' lang='lat' dir='ltr'>in·</span> 
     </span>
     <span class='ocr_line' id='line_1_14' title="bbox 240 1655 1262 1741; baseline -0.001 -22"><span class='ocrx_word' id='word_1_98' title='bbox 240 1658 396 1720; x_wconf 89' lang='lat' dir='ltr'>eniorum</span> <span class='ocrx_word' id='word_1_99' title='bbox 432 1677 570 1741; x_wconf 81' lang='lat' dir='ltr'>prorsus</span> <span class='ocrx_word' id='word_1_100' title='bbox 598 1658 776 1722; x_wconf 83' lang='lat' dir='ltr'>immutata</span> <span class='ocrx_word' id='word_1_101' title='bbox 803 1656 907 1737; x_wconf 80' lang='lat' dir='ltr'>facie,</span> <span class='ocrx_word' id='word_1_102' title='bbox 939 1658 1177 1723; x_wconf 76' lang='lat' dir='ltr'>Alexandriae</span> <span class='ocrx_word' id='word_1_103' title='bbox 1199 1655 1262 1718; x_wconf 87' lang='lat' dir='ltr'>sub</span> 
     </span>
     <span class='ocr_line' id='line_1_15' title="bbox 212 1681 1262 1830; baseline -0.008 -18"><span class='ocrx_word' id='word_1_104' title='bbox 212 1681 419 1812; x_wconf 47' lang='lat' dir='ltr'>{solemnes</span> <span class='ocrx_word' id='word_1_105' title='bbox 443 1742 611 1830; x_wconf 80' lang='lat' dir='ltr'>paulisper</span> <span class='ocrx_word' id='word_1_106' title='bbox 629 1745 860 1821; x_wconf 86' lang='lat' dir='ltr'>revivisceret,</span> <span class='ocrx_word' id='word_1_107' title='bbox 883 1745 939 1807; x_wconf 89' lang='lat' dir='ltr'>sed</span> <span class='ocrx_word' id='word_1_108' title='bbox 961 1750 1024 1817; x_wconf 81' lang='lat' dir='ltr'>ito,</span> <span class='ocrx_word' id='word_1_109' title='bbox 1048 1754 1182 1807; x_wconf 83' lang='lat' dir='ltr'>utrum</span> <span class='ocrx_word' id='word_1_110' title='bbox 1204 1763 1262 1804; x_wconf 87' lang='lat' dir='ltr'>ve·</span> 
     </span>
     <span class='ocr_line' id='line_1_16' title="bbox 214 1826 1264 1922; baseline -0.003 -27"><span class='ocrx_word' id='word_1_111' title='bbox 214 1835 282 1904; x_wconf 76' lang='lat' dir='ltr'>teri</span> <span class='ocrx_word' id='word_1_112' title='bbox 304 1826 500 1894; x_wconf 87' lang='lat' dir='ltr'>Atticorum</span> <span class='ocrx_word' id='word_1_113' title='bbox 525 1849 568 1893; x_wconf 84' lang='lat' dir='ltr'>ue</span> <span class='ocrx_word' id='word_1_114' title='bbox 595 1832 789 1922; x_wconf 78' lang='lat' dir='ltr'>comparati</span> <span class='ocrx_word' id='word_1_115' title='bbox 814 1829 968 1921; x_wconf 80' lang='lat' dir='ltr'>quidam,</span> <span class='ocrx_word' id='word_1_116' title='bbox 990 1831 1116 1896; x_wconf 83' lang='lat' dir='ltr'>nodum</span> <span class='ocrx_word' id='word_1_117' title='bbox 1143 1829 1264 1893; x_wconf 83' lang='lat' dir='ltr'>codem</span> 
     </span>
    </p>
   </div>
   <div class='ocr_carea' id='block_1_3' title="bbox 94 1915 571 2007">
    <p class='ocr_par' dir='ltr' id='par_1_3' title="bbox 94 1915 571 2007">
     <span class='ocr_line' id='line_1_17' title="bbox 94 1915 571 2007; baseline 0.008 -27"><span class='ocrx_word' id='word_1_118' title='bbox 94 1975 98 1980; x_wconf 86' lang='lat'><em>.</em></span> <span class='ocrx_word' id='word_1_119' title='bbox 214 1916 294 1986; x_wconf 87' lang='lat' dir='ltr'><strong>loco</strong></span> <span class='ocrx_word' id='word_1_120' title='bbox 316 1915 436 1981; x_wconf 82' lang='lat' dir='ltr'>haberi</span> <span class='ocrx_word' id='word_1_121' title='bbox 454 1919 571 2007; x_wconf 84' lang='lat' dir='ltr'>possit.</span> 
     </span>
    </p>
   </div>
   <div class='ocr_carea' id='block_1_4' title="bbox 693 2088 784 2179">
    <p class='ocr_par' dir='ltr' id='par_1_4' title="bbox 693 2088 784 2179">
     <span class='ocr_line' id='line_1_18' title="bbox 693 2088 784 2179; baseline 0.022 -21"><span class='ocrx_word' id='word_1_122' title='bbox 693 2088 708 2179; x_wconf 69' lang='lat' dir='ltr'>l</span> <span class='ocrx_word' id='word_1_123' title='bbox 731 2098 784 2160; x_wconf 78' lang='lat' dir='ltr'>ts.</span> 
     </span>
    </p>
   </div>
   <div class='ocr_carea' id='block_1_5' title="bbox 204 2231 1266 2362">
    <p class='ocr_par' dir='ltr' id='par_1_5' title="bbox 204 2231 1266 2362">
     <span class='ocr_line' id='line_1_19' title="bbox 204 2231 1266 2362; baseline -0.007 -34"><span class='ocrx_word' id='word_1_124' title='bbox 204 2231 211 2248; x_wconf 28' lang='lat' dir='ltr'>l</span> <span class='ocrx_word' id='word_1_125' title='bbox 256 2262 307 2328; x_wconf 86' lang='lat' dir='ltr'>Ut</span> <span class='ocrx_word' id='word_1_126' title='bbox 320 2262 491 2362; x_wconf 63' lang='lat' dir='ltr'>trepoedia</span> <span class='ocrx_word' id='word_1_127' title='bbox 505 2283 522 2324; x_wconf 92' lang='lat' dir='ltr'>a</span> <span class='ocrx_word' id='word_1_128' title='bbox 535 2258 834 2349; x_wconf 84' lang='lat' dir='ltr'>dithyramborum</span> <span class='ocrx_word' id='word_1_129' title='bbox 846 2261 881 2328; x_wconf 87' lang='lat' dir='ltr'>iu</span> <span class='ocrx_word' id='word_1_130' title='bbox 892 2259 1065 2326; x_wconf 77' lang='lat' dir='ltr'>Bccclrieis</span> <span class='ocrx_word' id='word_1_131' title='bbox 1075 2257 1171 2324; x_wconf 83' lang='lat' dir='ltr'>festis</span> <span class='ocrx_word' id='word_1_132' title='bbox 1182 2279 1266 2322; x_wconf 86' lang='lat' dir='ltr'>cau-</span> 
     </span>
    </p>
   </div>
   <div class='ocr_carea' id='block_1_6' title="bbox 122 2346 1356 4252">
    <p class='ocr_par' dir='ltr' id='par_1_6' title="bbox 122 2346 1356 4252">
     <span class='ocr_line' id='line_1_20' title="bbox 211 2346 1265 2434; baseline -0.007 -20"><span class='ocrx_word' id='word_1_133' title='bbox 211 2359 264 2430; x_wconf 79' lang='lat' dir='ltr'>tu,</span> <span class='ocrx_word' id='word_1_134' title='bbox 280 2348 456 2432; x_wconf 77' lang='lat' dir='ltr'>Cliorrque</span> <span class='ocrx_word' id='word_1_135' title='bbox 473 2358 507 2409; x_wconf 89' lang='lat' dir='ltr'>et</span> <span class='ocrx_word' id='word_1_136' title='bbox 518 2349 723 2411; x_wconf 84' lang='lat' dir='ltr'>histrionum</span> <span class='ocrx_word' id='word_1_137' title='bbox 736 2347 866 2411; x_wconf 87' lang='lat' dir='ltr'>lusibus</span> <span class='ocrx_word' id='word_1_138' title='bbox 880 2346 1170 2434; x_wconf 78' lang='lat' dir='ltr'>extemporalibus</span> <span class='ocrx_word' id='word_1_139' title='bbox 1184 2367 1265 2412; x_wconf 63' lang='lat' dir='ltr'>seua</span> 
     </span>
     <span class='ocr_line' id='line_1_21' title="bbox 213 2431 1264 2513; baseline -0.004 -12"><span class='ocrx_word' id='word_1_140' title='bbox 213 2439 280 2501; x_wconf 86' lang='lat' dir='ltr'>sim</span> <span class='ocrx_word' id='word_1_141' title='bbox 290 2448 361 2500; x_wconf 86' lang='lat' dir='ltr'>orta</span> <span class='ocrx_word' id='word_1_142' title='bbox 375 2445 466 2513; x_wconf 76' lang='lat' dir='ltr'>orat3</span> <span class='ocrx_word' id='word_1_143' title='bbox 487 2433 532 2497; x_wconf 90' lang='lat' dir='ltr'>ita</span> <span class='ocrx_word' id='word_1_144' title='bbox 546 2431 707 2500; x_wconf 78' lang='lat' dir='ltr'>Ptattica</span> <span class='ocrx_word' id='word_1_145' title='bbox 716 2433 739 2498; x_wconf 84' lang='lat' dir='ltr'>i.</span> <span class='ocrx_word' id='word_1_146' title='bbox 750 2455 779 2496; x_wconf 83' lang='lat' dir='ltr'>e.</span> <span class='ocrx_word' id='word_1_147' title='bbox 791 2447 910 2499; x_wconf 87' lang='lat' dir='ltr'>cantus</span> <span class='ocrx_word' id='word_1_148' title='bbox 921 2437 1129 2499; x_wconf 80' lang='lat' dir='ltr'>rusticorum</span> <span class='ocrx_word' id='word_1_149' title='bbox 1141 2433 1264 2497; x_wconf 83' lang='lat' dir='ltr'>incorr·</span> 
     </span>
     <span class='ocr_line' id='line_1_22' title="bbox 212 2519 1262 2609; baseline -0.001 -25"><span class='ocrx_word' id='word_1_150' title='bbox 212 2521 313 2597; x_wconf 80' lang='lat' dir='ltr'>ditos,</span> <span class='ocrx_word' id='word_1_151' title='bbox 328 2519 573 2599; x_wconf 83' lang='lat' dir='ltr'>vindemiarum</span> <span class='ocrx_word' id='word_1_152' title='bbox 590 2530 798 2609; x_wconf 80' lang='lat' dir='ltr'>tempestate,</span> <span class='ocrx_word' id='word_1_153' title='bbox 818 2527 854 2584; x_wconf 89' lang='lat' dir='ltr'>in</span> <span class='ocrx_word' id='word_1_154' title='bbox 868 2521 992 2586; x_wconf 88' lang='lat' dir='ltr'>Bacchi</span> <span class='ocrx_word' id='word_1_155' title='bbox 1003 2520 1170 2586; x_wconf 86' lang='lat' dir='ltr'>honorem</span> <span class='ocrx_word' id='word_1_156' title='bbox 1184 2541 1262 2583; x_wconf 87' lang='lat' dir='ltr'>cum</span> 
     </span>
     <span class='ocr_line' id='line_1_23' title="bbox 213 2604 1263 2692; baseline -0.002 -23"><span class='ocrx_word' id='word_1_157' title='bbox 213 2604 321 2670; x_wconf 85' lang='lat' dir='ltr'>effusa</span> <span class='ocrx_word' id='word_1_158' title='bbox 345 2606 473 2670; x_wconf 82' lang='lat' dir='ltr'>laetitia</span> <span class='ocrx_word' id='word_1_159' title='bbox 494 2606 644 2692; x_wconf 88' lang='lat' dir='ltr'>iocisque</span> <span class='ocrx_word' id='word_1_160' title='bbox 662 2607 861 2672; x_wconf 77' lang='lat' dir='ltr'>scurrilibus</span> <span class='ocrx_word' id='word_1_161' title='bbox 878 2614 1036 2692; x_wconf 78' lang='lat' dir='ltr'>agitatos,</span> <span class='ocrx_word' id='word_1_162' title='bbox 1060 2605 1263 2671; x_wconf 74' lang='lat' dir='ltr'>succedente</span> 
     </span>
     <span class='ocr_line' id='line_1_24' title="bbox 215 2693 1264 2780; baseline -0.003 -22"><span class='ocrx_word' id='word_1_163' title='bbox 215 2703 372 2780; x_wconf 85' lang='lat' dir='ltr'>tompore</span> <span class='ocrx_word' id='word_1_164' title='bbox 409 2693 616 2759; x_wconf 78' lang='lat' dir='ltr'>Comoedias</span> <span class='ocrx_word' id='word_1_165' title='bbox 640 2693 810 2777; x_wconf 78' lang='lat' dir='ltr'>originem</span> <span class='ocrx_word' id='word_1_166' title='bbox 829 2693 978 2776; x_wconf 79' lang='lat' dir='ltr'>dedisse,</span> <span class='ocrx_word' id='word_1_167' title='bbox 1009 2694 1060 2758; x_wconf 80' lang='lat' dir='ltr'>vel</span> <span class='ocrx_word' id='word_1_168' title='bbox 1082 2713 1210 2757; x_wconf 88' lang='lat' dir='ltr'>nomeu</span> <span class='ocrx_word' id='word_1_169' title='bbox 1231 2698 1264 2764; x_wconf 86' lang='lat' dir='ltr'>i·</span> 
     </span>
     <span class='ocr_line' id='line_1_25' title="bbox 214 2776 1264 2868; baseline 0 -25"><span class='ocrx_word' id='word_1_170' title='bbox 214 2800 327 2868; x_wconf 83' lang='lat' dir='ltr'>psum,</span> <span class='ocrx_word' id='word_1_171' title='bbox 344 2776 531 2845; x_wconf 82' lang='lat' dir='ltr'>secundum</span> <span class='ocrx_word' id='word_1_172' title='bbox 547 2779 734 2843; x_wconf 84' lang='lat' dir='ltr'>nonnullos</span> <span class='ocrx_word' id='word_1_173' title='bbox 745 2802 761 2840; x_wconf 92' lang='lat' dir='ltr'>a</span> <span class='ocrx_word' id='word_1_174' title='bbox 773 2777 868 2863; x_wconf 82' lang='grc' dir='ltr'><strong><em>κώμη</em></strong></span> <span class='ocrx_word' id='word_1_175' title='bbox 884 2779 1099 2859; x_wconf 67' lang='grc' dir='ltr'>νίειωθῐώὂὴ</span> <span class='ocrx_word' id='word_1_176' title='bbox 1112 2779 1264 2855; x_wconf 83' lang='lat' dir='ltr'>ductum,</span> 
     </span>
     <span class='ocr_line' id='line_1_26' title="bbox 122 2847 1294 2937; baseline -0.003 -5"><span class='ocrx_word' id='word_1_177' title='bbox 122 2903 127 2919; x_wconf 90' lang='lat'><strong>·</strong></span> <span class='ocrx_word' id='word_1_178' title='bbox 212 2867 296 2932; x_wconf 84' lang='lat' dir='ltr'>satis</span> <span class='ocrx_word' id='word_1_179' title='bbox 312 2865 514 2931; x_wconf 57' lang='lat' dir='ltr'>declarata.</span> <span class='ocrx_word' id='word_1_180' title='bbox 531 2865 677 2937; x_wconf 85' lang='lat' dir='ltr'>Aristot.</span> <span class='ocrx_word' id='word_1_181' title='bbox 698 2866 740 2930; x_wconf 84' lang='lat' dir='ltr'>de</span> <span class='ocrx_word' id='word_1_182' title='bbox 760 2866 920 2931; x_wconf 68' lang='lat' dir='ltr'><strong>Poo‘th.</strong></span> <span class='ocrx_word' id='word_1_183' title='bbox 937 2871 986 2932; x_wconf 78' lang='lat' dir='ltr'>rt.</span> <span class='ocrx_word' id='word_1_184' title='bbox 1010 2847 1127 2933; x_wconf 77' lang='lat' dir='ltr'>Minus</span> <span class='ocrx_word' id='word_1_185' title='bbox 1149 2876 1264 2929; x_wconf 87' lang='lat' dir='ltr'>tamen</span> <span class='ocrx_word' id='word_1_186' title='bbox 1290 2905 1294 2911; x_wconf 82' lang='grc'><strong>-</strong></span> 
     </span>
     <span class='ocr_line' id='line_1_27' title="bbox 211 2952 1263 3032; baseline -0.005 -14"><span class='ocrx_word' id='word_1_187' title='bbox 211 2952 325 3018; x_wconf 78' lang='lat' dir='ltr'>variae</span> <span class='ocrx_word' id='word_1_188' title='bbox 344 2962 501 3019; x_wconf 88' lang='lat' dir='ltr'>constant</span> <span class='ocrx_word' id='word_1_189' title='bbox 520 2954 745 3032; x_wconf 83' lang='lat' dir='ltr'>mutationes,</span> <span class='ocrx_word' id='word_1_190' title='bbox 766 2975 786 3017; x_wconf 92' lang='lat' dir='ltr'>a</span> <span class='ocrx_word' id='word_1_191' title='bbox 807 2952 950 3018; x_wconf 83' lang='lat' dir='ltr'>divorsis</span> <span class='ocrx_word' id='word_1_192' title='bbox 969 2952 1165 3018; x_wconf 85' lang='lat' dir='ltr'>auctoribus</span> <span class='ocrx_word' id='word_1_193' title='bbox 1187 2953 1263 3015; x_wconf 88' lang='lat' dir='ltr'>illa·-</span> 
     </span>
     <span class='ocr_line' id='line_1_28' title="bbox 204 3032 1356 3127; baseline 0.001 -24"><span class='ocrx_word' id='word_1_194' title='bbox 204 3032 285 3117; x_wconf 59' lang='lat' dir='ltr'>&#39;tse,</span> <span class='ocrx_word' id='word_1_195' title='bbox 309 3039 417 3102; x_wconf 85' lang='lat' dir='ltr'>donec</span> <span class='ocrx_word' id='word_1_196' title='bbox 439 3038 617 3103; x_wconf 85' lang='lat' dir='ltr'>eludicris</span> <span class='ocrx_word' id='word_1_197' title='bbox 643 3038 697 3105; x_wconf 85' lang='lat' dir='ltr'>his</span> <span class='ocrx_word' id='word_1_198' title='bbox 719 3039 1013 3127; x_wconf 80' lang='lat' dir='ltr'>externporolibus</span> <span class='ocrx_word' id='word_1_199' title='bbox 1036 3040 1147 3125; x_wconf 86' lang='lat' dir='ltr'>primo</span> <span class='ocrx_word' id='word_1_200' title='bbox 1166 3050 1262 3104; x_wconf 78' lang='lat' dir='ltr'>corto</span> <span class='ocrx_word' id='word_1_201' title='bbox 1354 3084 1356 3091; x_wconf 70' lang='lat'><em>,</em></span> 
     </span>
     <span class='ocr_line' id='line_1_29' title="bbox 211 3125 1262 3215; baseline -0.004 -25"><span class='ocrx_word' id='word_1_202' title='bbox 211 3126 385 3215; x_wconf 83' lang='lat' dir='ltr'>quaedam</span> <span class='ocrx_word' id='word_1_203' title='bbox 406 3136 634 3212; x_wconf 77' lang='lat' dir='ltr'>argumenta,</span> <span class='ocrx_word' id='word_1_204' title='bbox 666 3126 749 3190; x_wconf 89' lang='lat' dir='ltr'>hinc</span> <span class='ocrx_word' id='word_1_205' title='bbox 770 3126 885 3191; x_wconf 81' lang='lat' dir='ltr'>iustae</span> <span class='ocrx_word' id='word_1_206' title='bbox 900 3125 1054 3214; x_wconf 77' lang='lat' dir='ltr'>fabulae</span> <span class='ocrx_word' id='word_1_207' title='bbox 1076 3126 1262 3213; x_wconf 82' lang='lat' dir='ltr'>prodirent</span> 
     </span>
     <span class='ocr_line' id='line_1_30' title="bbox 214 3208 1265 3299; baseline -0.002 -24"><span class='ocrx_word' id='word_1_208' title='bbox 214 3210 260 3275; x_wconf 87' lang='lat' dir='ltr'>ef.</span> <span class='ocrx_word' id='word_1_209' title='bbox 271 3211 415 3276; x_wconf 70' lang='lat' dir='ltr'>Aristot,</span> <span class='ocrx_word' id='word_1_210' title='bbox 427 3210 450 3276; x_wconf 92' lang='lat' dir='ltr'>l.</span> <span class='ocrx_word' id='word_1_211' title='bbox 464 3231 491 3273; x_wconf 88' lang='lat' dir='ltr'>e.</span> <span class='ocrx_word' id='word_1_212' title='bbox 505 3211 606 3299; x_wconf 78' lang='lat' dir='ltr'>3sqq‚</span> <span class='ocrx_word' id='word_1_213' title='bbox 639 3208 801 3277; x_wconf 84' lang='lat' dir='ltr'>Ceterum</span> <span class='ocrx_word' id='word_1_214' title='bbox 819 3223 852 3275; x_wconf 88' lang='lat' dir='ltr'>et</span> <span class='ocrx_word' id='word_1_215' title='bbox 867 3212 991 3276; x_wconf 75' lang='lat' dir='ltr'>co‘mici</span> <span class='ocrx_word' id='word_1_216' title='bbox 1012 3212 1173 3277; x_wconf 74' lang='lat' dir='ltr'>dramatis</span> <span class='ocrx_word' id='word_1_217' title='bbox 1191 3210 1265 3273; x_wconf 88' lang='lat' dir='ltr'>ori-</span> 
     </span>
     <span class='ocr_line' id='line_1_31' title="bbox 210 3295 1265 3386; baseline 0.002 -27"><span class='ocrx_word' id='word_1_218' title='bbox 210 3299 312 3383; x_wconf 82' lang='lat' dir='ltr'>gines</span> <span class='ocrx_word' id='word_1_219' title='bbox 326 3317 541 3383; x_wconf 80' lang='lat' dir='ltr'>nequequam</span> <span class='ocrx_word' id='word_1_220' title='bbox 560 3299 602 3364; x_wconf 85' lang='lat' dir='ltr'>ud</span> <span class='ocrx_word' id='word_1_221' title='bbox 622 3298 715 3365; x_wconf 82' lang='lat' dir='ltr'>solos</span> <span class='ocrx_word' id='word_1_222' title='bbox 734 3299 873 3364; x_wconf 81' lang='lat' dir='ltr'>Atticos</span> <span class='ocrx_word' id='word_1_223' title='bbox 893 3295 1107 3375; x_wconf 68' lang='lat' dir='ltr'>referendos,</span> <span class='ocrx_word' id='word_1_224' title='bbox 1130 3308 1164 3360; x_wconf 84' lang='lat' dir='ltr'>et</span> <span class='ocrx_word' id='word_1_225' title='bbox 1173 3319 1265 3386; x_wconf 85' lang='lat' dir='ltr'>par·</span> 
     </span>
     <span class='ocr_line' id='line_1_32' title="bbox 212 3376 1265 3473; baseline -0.008 -22"><span class='ocrx_word' id='word_1_226' title='bbox 212 3394 266 3452; x_wconf 77' lang='lat' dir='ltr'>tes</span> <span class='ocrx_word' id='word_1_227' title='bbox 281 3383 478 3473; x_wconf 79' lang='lat' dir='ltr'>principes,</span> <span class='ocrx_word' id='word_1_228' title='bbox 502 3393 539 3448; x_wconf 87' lang='lat' dir='ltr'>ut</span> <span class='ocrx_word' id='word_1_229' title='bbox 555 3389 590 3449; x_wconf 89' lang='lat' dir='ltr'>in</span> <span class='ocrx_word' id='word_1_230' title='bbox 613 3384 821 3470; x_wconf 79' lang='lat' dir='ltr'>Tragoedia,</span> <span class='ocrx_word' id='word_1_231' title='bbox 846 3376 997 3471; x_wconf 75' lang='lat' dir='ltr'>primuin</span> <span class='ocrx_word' id='word_1_232' title='bbox 1026 3382 1161 3448; x_wconf 77' lang='lat' dir='ltr'>Chorus</span> <span class='ocrx_word' id='word_1_233' title='bbox 1187 3393 1265 3444; x_wconf 91' lang='lat' dir='ltr'>tue-</span> 
     </span>
     <span class='ocr_line' id='line_1_33' title="bbox 212 3468 1264 3554; baseline -0.001 -20"><span class='ocrx_word' id='word_1_234' title='bbox 212 3468 330 3546; x_wconf 72' lang='lat' dir='ltr'>batur,</span> <span class='ocrx_word' id='word_1_235' title='bbox 354 3491 454 3554; x_wconf 85' lang='lat' dir='ltr'>quem</span> <span class='ocrx_word' id='word_1_236' title='bbox 472 3478 584 3533; x_wconf 87' lang='lat' dir='ltr'>tamon</span> <span class='ocrx_word' id='word_1_237' title='bbox 600 3469 660 3534; x_wconf 85' lang='lat' dir='ltr'>diu</span> <span class='ocrx_word' id='word_1_238' title='bbox 676 3469 917 3537; x_wconf 79' lang='lat' dir='ltr'>avolantoriis</span> <span class='ocrx_word' id='word_1_239' title='bbox 937 3469 1042 3534; x_wconf 92' lang='lat' dir='ltr'>modo</span> <span class='ocrx_word' id='word_1_240' title='bbox 1064 3470 1264 3549; x_wconf 80' lang='lat' dir='ltr'>constitisse,</span> 
     </span>
     <span class='ocr_line' id='line_1_34' title="bbox 211 3553 1264 3645; baseline 0.003 -26"><span class='ocrx_word' id='word_1_241' title='bbox 211 3554 322 3620; x_wconf 87' lang='lat' dir='ltr'><strong>donoc</strong></span> <span class='ocrx_word' id='word_1_242' title='bbox 345 3553 525 3645; x_wconf 79' lang='lat' dir='ltr'>publicum</span> <span class='ocrx_word' id='word_1_243' title='bbox 547 3559 762 3642; x_wconf 75' lang='lat' dir='ltr'>magistratus</span> <span class='ocrx_word' id='word_1_244' title='bbox 785 3556 895 3631; x_wconf 81' lang='lat' dir='ltr'>daret,</span> <span class='ocrx_word' id='word_1_245' title='bbox 918 3556 960 3621; x_wconf 88' lang='lat' dir='ltr'>ab</span> <span class='ocrx_word' id='word_1_246' title='bbox 982 3555 1103 3621; x_wconf 85' lang='lat' dir='ltr'>eodem</span> <span class='ocrx_word' id='word_1_247' title='bbox 1125 3566 1264 3622; x_wconf 79' lang='lat' dir='ltr'>auctore</span> 
     </span>
     <span class='ocr_line' id='line_1_35' title="bbox 211 3639 1265 3729; baseline 0 -22"><span class='ocrx_word' id='word_1_248' title='bbox 211 3642 403 3728; x_wconf 87' lang='lat' dir='ltr'>accepimus</span> <span class='ocrx_word' id='word_1_249' title='bbox 419 3640 472 3727; x_wconf 89' lang='lat' dir='ltr'>(de</span> <span class='ocrx_word' id='word_1_250' title='bbox 488 3641 581 3709; x_wconf 76' lang='lat' dir='ltr'>Po&#39;dt.</span> <span class='ocrx_word' id='word_1_251' title='bbox 594 3664 622 3707; x_wconf 89' lang='lat' dir='ltr'>o.</span> <span class='ocrx_word' id='word_1_252' title='bbox 636 3642 704 3726; x_wconf 85' lang='lat' dir='ltr'><strong>V.).</strong></span> <span class='ocrx_word' id='word_1_253' title='bbox 748 3642 844 3723; x_wconf 86' lang='lat' dir='ltr'>Quae</span> <span class='ocrx_word' id='word_1_254' title='bbox 864 3639 978 3707; x_wconf 80' lang='lat' dir='ltr'>chori</span> <span class='ocrx_word' id='word_1_255' title='bbox 1006 3654 1118 3729; x_wconf 81' lang='lat' dir='ltr'>partes</span> <span class='ocrx_word' id='word_1_256' title='bbox 1144 3664 1265 3729; x_wconf 84' lang='lat' dir='ltr'>quum,</span> 
     </span>
     <span class='ocr_line' id='line_1_36' title="bbox 211 3727 1266 3816; baseline -0.002 -22"><span class='ocrx_word' id='word_1_257' title='bbox 211 3727 361 3794; x_wconf 81' lang='lat' dir='ltr'>inventis</span> <span class='ocrx_word' id='word_1_258' title='bbox 379 3729 561 3816; x_wconf 57' lang='lat' dir='ltr'>miseritis,</span> <span class='ocrx_word' id='word_1_259' title='bbox 593 3729 630 3793; x_wconf 88' lang='lat' dir='ltr'>iu</span> <span class='ocrx_word' id='word_1_260' title='bbox 655 3730 726 3796; x_wconf 87' lang='lat' dir='ltr'>dies</span> <span class='ocrx_word' id='word_1_261' title='bbox 750 3730 858 3815; x_wconf 80' lang='lat' dir='ltr'>magis</span> <span class='ocrx_word' id='word_1_262' title='bbox 884 3730 1057 3816; x_wconf 80' lang='lat' dir='ltr'>magisque</span> <span class='ocrx_word' id='word_1_263' title='bbox 1080 3730 1266 3792; x_wconf 88' lang='lat' dir='ltr'>imminue-</span> 
     </span>
     <span class='ocr_line' id='line_1_37' title="bbox 210 3813 1266 3902; baseline 0.001 -22"><span class='ocrx_word' id='word_1_264' title='bbox 210 3824 345 3880; x_wconf 82' lang='lat' dir='ltr'>rentur:</span> <span class='ocrx_word' id='word_1_265' title='bbox 369 3813 494 3878; x_wconf 81' lang='lat' dir='ltr'>fectum</span> <span class='ocrx_word' id='word_1_266' title='bbox 517 3826 568 3878; x_wconf 87' lang='lat' dir='ltr'>est</span> <span class='ocrx_word' id='word_1_267' title='bbox 587 3825 777 3901; x_wconf 73' lang='lat' dir='ltr'>postremo,</span> <span class='ocrx_word' id='word_1_268' title='bbox 799 3826 837 3880; x_wconf 87' lang='lat' dir='ltr'>ut</span> <span class='ocrx_word' id='word_1_269' title='bbox 858 3819 993 3902; x_wconf 74' lang='lat' dir='ltr'>tragicis</span> <span class='ocrx_word' id='word_1_270' title='bbox 1018 3814 1142 3879; x_wconf 87' lang='lat' dir='ltr'>Charis</span> <span class='ocrx_word' id='word_1_271' title='bbox 1161 3816 1266 3881; x_wconf 74' lang='lat' dir='ltr'>citios</span> 
     </span>
     <span class='ocr_line' id='line_1_38' title="bbox 214 3901 1265 3977; baseline 0.004 -12"><span class='ocrx_word' id='word_1_272' title='bbox 214 3901 325 3967; x_wconf 83' lang='lat' dir='ltr'>etiam</span> <span class='ocrx_word' id='word_1_273' title='bbox 341 3901 610 3966; x_wconf 72' lang='lat' dir='ltr'>obmutescerent</span> <span class='ocrx_word' id='word_1_274' title='bbox 629 3904 757 3968; x_wconf 81' lang='lat' dir='ltr'>comici</span> <span class='ocrx_word' id='word_1_275' title='bbox 763 3949 772 3977; x_wconf 84' lang='lat'><strong>‚</strong></span> <span class='ocrx_word' id='word_1_276' title='bbox 796 3913 830 3966; x_wconf 90' lang='lat' dir='ltr'>et</span> <span class='ocrx_word' id='word_1_277' title='bbox 849 3902 1044 3967; x_wconf 78' lang='lat' dir='ltr'>comoediae</span> <span class='ocrx_word' id='word_1_278' title='bbox 1065 3904 1141 3967; x_wconf 81' lang='lat' dir='ltr'>sine</span> <span class='ocrx_word' id='word_1_279' title='bbox 1161 3901 1265 3971; x_wconf 79' lang='lat' dir='ltr'>oltoro</span> 
     </span>
     <span class='ocr_line' id='line_1_39' title="bbox 212 3984 1264 4057; baseline 0.001 -7"><span class='ocrx_word' id='word_1_280' title='bbox 212 3985 249 4050; x_wconf 90' lang='lat' dir='ltr'>in</span> <span class='ocrx_word' id='word_1_281' title='bbox 272 4008 405 4052; x_wconf 87' lang='lat' dir='ltr'>scenam</span> <span class='ocrx_word' id='word_1_282' title='bbox 425 3984 679 4053; x_wconf 71' lang='lat' dir='ltr'>inducerentur.</span> <span class='ocrx_word' id='word_1_283' title='bbox 724 3988 964 4057; x_wconf 70' lang='lat' dir='ltr'>invenu&#39;onem</span> <span class='ocrx_word' id='word_1_284' title='bbox 988 3998 1100 4054; x_wconf 83' lang='lat' dir='ltr'>autem</span> <span class='ocrx_word' id='word_1_285' title='bbox 1123 4010 1264 4052; x_wconf 77' lang='lat' dir='ltr'>comoe-</span> 
     </span>
     <span class='ocr_line' id='line_1_40' title="bbox 210 4073 1267 4162; baseline 0.002 -25"><span class='ocrx_word' id='word_1_286' title='bbox 210 4074 302 4150; x_wconf 79' lang='lat' dir='ltr'>diuo,</span> <span class='ocrx_word' id='word_1_287' title='bbox 328 4073 513 4138; x_wconf 85' lang='lat' dir='ltr'>Aristotele</span> <span class='ocrx_word' id='word_1_288' title='bbox 537 4084 619 4137; x_wconf 87' lang='lat' dir='ltr'>toste</span> <span class='ocrx_word' id='word_1_289' title='bbox 642 4073 675 4159; x_wconf 91' lang='lat' dir='ltr'>(l.</span> <span class='ocrx_word' id='word_1_290' title='bbox 689 4073 846 4162; x_wconf 64' lang='lat' dir='ltr'>ctus.)</span> <span class='ocrx_word' id='word_1_291' title='bbox 870 4076 1087 4143; x_wconf 83' lang='lat' dir='ltr'>vindicarunt</span> <span class='ocrx_word' id='word_1_292' title='bbox 1097 4077 1162 4139; x_wconf 79' lang='lat' dir='ltr'>sihi</span> <span class='ocrx_word' id='word_1_293' title='bbox 1185 4074 1267 4139; x_wconf 86' lang='lat' dir='ltr'>Ma·</span> 
     </span>
     <span class='ocr_line' id='line_1_41' title="bbox 206 4161 1268 4252; baseline 0.002 -27"><span class='ocrx_word' id='word_1_294' title='bbox 206 4180 389 4249; x_wconf 70' lang='lat' dir='ltr'>geremus,</span> <span class='ocrx_word' id='word_1_295' title='bbox 412 4161 678 4227; x_wconf 84' lang='lat' dir='ltr'>Atheniensium</span> <span class='ocrx_word' id='word_1_296' title='bbox 695 4162 818 4244; x_wconf 80' lang='lat' dir='ltr'>vicini,</span> <span class='ocrx_word' id='word_1_297' title='bbox 839 4162 982 4228; x_wconf 75' lang='lat' dir='ltr'>fortasse</span> <span class='ocrx_word' id='word_1_298' title='bbox 1000 4174 1144 4252; x_wconf 84' lang='lat' dir='ltr'>propter</span> <span class='ocrx_word' id='word_1_299' title='bbox 1158 4162 1268 4227; x_wconf 73' lang='lat' dir='ltr'>Susa-</span> 
     </span>
    </p>
   </div>
   <div class='ocr_carea' id='block_1_7' title="bbox 0 0 1476 4875">
    <p class='ocr_par' dir='ltr' id='par_1_7' title="bbox 0 0 1476 4875">
     <span class='ocr_line' id='line_1_42' title="bbox 0 0 1476 4875; baseline 0 1"><span class='ocrx_word' id='word_1_300' title='bbox 0 0 1476 4875; x_wconf 95' lang='lat' dir='ltr'> </span> 
     </span>
    </p>
   </div>
  </div>
 </body>
</html>
