2942 4875
240 397 286 462 to
433 408 637 468 rroursrvs
658 407 800 462 rnaax.
826 410 1097 476 mcuwooasa

521 567 528 578 '
687 549 828 636 5125.

305 717 398 782 Inter
416 717 609 784 Aristarchi
630 718 832 804 discipulos,
865 721 924 806 qai
942 739 1021 783 cum
1040 718 1181 806 reliquis
1203 720 1288 785 hnic

239 805 374 887 scholae
394 804 535 871 addictis
553 808 776 871 Aristarchei
791 805 968 888 dicuntur,
992 810 1290 893 prsetarAmmo-

240 894 339 957 nium
358 892 648 968 Alexandrinum,
682 891 873 957 Aristarchi
899 893 932 954 in
966 890 1080 957 schola
1103 912 1287 958 successo-

238 1000 329 1056 rem,
363 981 511 1043 maxime
533 980 660 1043 eminet
682 978 876 1067 Dionysiae
899 975 1036 1054 Thrax,
1070 980 1129 1065 qui
1148 985 1287 1065 primus

244 1065 527 1131 Grammaticam
549 1066 704 1130 Graecae
720 1065 857 1151 linguae
879 1067 1013 1151 (rime
1034 1063 1287 1153 γραμματικήν)

240 1153 487 1302 οοηεοήρείεεῶ
501 1149 626 1228 fertur,
658 1152 1053 1302 ilitssmmtmildltomli
1075 1152 1288 1302 Alex-atgdri7

155 1261 161 1280 ·
238 1259 364 1301 norum
387 1260 446 1302 mu
507 1256 665 1302 commen
716 1260 813 1302 smn
958 1258 998 1302 ue
1049 1257 1128 1303 urus
1158 1262 1194 1303 sn
1220 1261 1285 1303 scas

238 1322 459 1409 opusculum,
482 1326 567 1388 rude
588 1333 623 1386 et
639 1325 732 1386 valde
754 1260 1011 1412 imperiectlim,
1034 1323 1098 1388 sub
1120 1324 1285 1409 Dionysii

237 1412 379 1476 nomine
399 1411 434 1473 in
455 1411 569 1474 mullis
589 1419 701 1473 exstat
715 1432 798 1475 mss.
818 1411 1008 1476 codicibus.
1031 1414 1146 1500 primo
1162 1411 1286 1497 vulga-

237 1507 313 1562 tum
336 1520 356 1562 a
377 1496 546 1564 Fabricio
574 1498 611 1560 in
636 1496 725 1561 Bibl.
752 1495 815 1563 Gr.
845 1496 922 1560 Vol.
940 1498 1004 1562 lV.
1030 1519 1062 1585 p.
1076 1516 1129 1565 σο.
1151 1498 1208 1580 (T.
1220 1495 1286 1564 v1.

236 1604 269 1672 p.
282 1581 596 1669 das.od.Harlea.),
618 1585 803 1649 correctius
823 1594 939 1669 postea
953 1582 1081 1649 editum
1104 1605 1123 1647 a
1150 1580 1286 1649 1ΙίΕοὶ-

211 1683 213 1687 ’
236 1670 334 1736 eonio
360 1668 607 1742 inAnecdotia
628 1667 771 1734 Graecis
798 1671 841 1734 Τ.
853 1665 894 1733 ll.
965 1691 1087 1757 99sqq.
1109 1692 1149 1737 ac
1169 1691 1284 1754 nuper

236 1758 279 1820 ab
301 1757 404 1822 Imm.
426 1755 581 1822 Bekkero
607 1757 645 1820 in
666 1755 877 1822 Anecdotor.
942 1776 1090 1823 rancor·
1107 1756 1188 1821 Vol.
1202 1758 1284 1822 llas.

234 1841 492 1907 Berolinirssrti.
517 1843 547 1907 8.
580 1863 647 1905 una
678 1865 757 1909 cum
787 1842 941 1932 plurium
968 1841 1281 1922 Grammaticorum

97 1929 101 1939 ’
234 1929 273 1995 in
288 1930 414 2016 Τέχνην
424 1928 517 1991 illam
530 1927 686 1993 Scholiis.

299 2013 789 2116 Apollodoreis-Atheniensis,
800 2014 928 2116 illst?
948 2011 1139 2114 Aristarchi
1152 2008 1282 2116 (iram-

234 2111 350 2165 mattca
361 2111 395 2163 ct
408 2099 558 2163 Panaetii
573 2100 718 2180 Rhodis,
735 2101 842 2164 Stoici
853 2102 1070 2188 philosophi,
1093 2100 1282 2188 discipulus

235 2189 361 2250 dicitur
377 2184 420 2248 Sc
447 2207 528 2251 mno
547 2185 637 2251 Chio
654 2198 755 2273 atque
772 2188 911 2263 Suidae,
937 2188 1091 2278 vixitque
1110 2188 1199 2251 circa
1220 2183 1280 2254 Ol.

235 2271 344 2337 CLX.
361 2293 390 2340 a.
409 2209 472 2337 (lh.
496 2277 566 2338 140.
620 2273 709 2338 aullo
739 2284 817 2362 post
838 2273 1079 2425 Carthaginem
1115 2274 1281 2352 deletam,

259 2381 304 2424 uo
333 2370 489 2449 tempore
521 2362 558 2424 in
621 2371 748 2450 egypto
774 2360 938 2448 regnabat
995 2363 1178 2426 tolomaeus
1204 2355 1281 2426 Vll.

181 2474 185 2487 ·
234 2382 531 2534 l'hyscoudictua,
552 2448 622 2514 sire
639 2449 824 2532 Euergetes
836 2447 879 2512 ll.
895 2450 1096 2528 Doctrinae,
1118 2470 1184 2536 qua
1201 2449 1281 2534 pol·

232 2533 338 2611 lebat,
368 2541 503 2622 copiam
524 2542 557 2597 et
580 2534 772 2599 varietatem
797 2544 917 2599 testata
939 2544 1020 2600 sunt
1046 2536 1159 2623 plura,
1218 2555 1280 2600 uae

232 2620 384 2706 reliquit,
423 2621 566 2708 scripte:
604 2628 633 2703 a)
654 2619 733 2685 libri
754 2618 883 2687 XXIV
907 2625 981 2709 arai
1003 2622 1097 2688 θεῶν
1118 2620 1162 2687 da
1223 2622 1279 2701 iia,

233 2728 322 2796 apua
342 2727 411 2771 non
435 2710 547 2771 minus
564 2708 827 2792 grammaticum
850 2728 950 2793 quam
976 2708 1185 2797 mythicum,
1208 2730 1279 2795 quo

92 2868 97 2876 ὅ
230 2791 428 2859 fabularum
450 2794 764 2881 interpretationem
789 2793 1023 2880 allegoricam,
1055 2794 1206 2860 maxime
1231 2816 1279 2859 ex

232 2879 437 2968 etymologia
459 2881 616 2966 petitam,
639 2880 793 2958 dederat,
814 2881 991 2967 multaque
1008 2880 1279 2970 insuperriefe·

170 2994 175 2997 ·’
230 2969 297 3035 sris
319 2966 518 3033 deorumst
543 2966 672 3043 sacris,
706 2967 749 3032 de
768 2989 948 3032 sacrorum
968 2967 1202 3055 antiquitate,
1234 2964 1280 3035 de

231 3051 461 3153 religionibus
489 3065 523 3118 et
552 3053 680 3119 ritibus
710 3053 907 3118 tradiderat.
963 3059 994 3138 a)
1015 3058 1064 3118 τὰ
1090 3052 1277 3142 Χρονικὰ

230 3141 326 3205 libris
338 3136 419 3214 lV.,
441 3137 562 3225 quibus
583 3139 740 3203 historias
761 3142 802 3204 ad
823 3150 1019 3224 temporum
1042 3141 1198 3204 ordinem
1220 3158 1278 3203 re-

231 3228 361 3302 dactas,
391 3225 472 3289 inde
496 3248 514 3288 a
536 3226 643 3290 'l'roiu
664 3236 777 3315 capta,
810 3247 1064 3315 paraenorum
1087 3224 1197 3292 MXL
1219 3222 1278 3291 in·

134 3366 139 3367 ff
230 3310 409 3379 tervsllum
440 3309 586 3376 breviter
615 3312 938 3399 comprehenderat,
986 3324 1098 3378 metro
1130 3312 1277 3391 cancico,

229 3402 295 3466 i.e.
316 3395 437 3463 iambis
465 3419 545 3462 usus
577 3400 728 3463 senariis.
774 3399 839 3463 Cui
869 3400 963 3484 operi
991 3419 1097 3484 quum
1124 3395 1277 3487 apochae

229 3485 361 3573 aliquot
381 3482 545 3550 debentur
568 3485 786 3561 illustriores,
821 3497 857 3550 ut
878 3486 1003 3549 excidii
1022 3484 1167 3565 Troiae,
1200 3484 1277 3548 He-

212 3574 434 3640 -ractidarum
452 3577 488 3634 tn
507 3571 783 3658 Peloponnesum
798 3572 943 3647 reditus,
967 3570 1118 3637 coloniae
1130 3571 1276 3652 ionicae,

230 3670 263 3725 et
281 3660 411 3745 primae
433 3655 669 3744 Olympiadis3
691 3671 763 3723 tum
788 3659 941 3723 virorum
965 3658 1136 3724 clarorum
1160 3660 1276 3723 aetatis

229 3745 375 3823 notatio,
399 3764 500 3832 quam
519 3747 714 3832 exscripsit,
738 3744 913 3809 Ciceronis
932 3743 1162 3835 temporibus,
1188 3744 1278 3810 Cor-

228 3834 340 3900 nelius
363 3830 485 3920 Nepos
510 3836 548 3895 in
575 3831 756 3897 Chronice's
785 3832 871 3909 suis,
904 3853 1133 3917 operoseque
1154 3833 1277 3918 depcr-

228 3921 310 3986 dito.
355 3919 430 3984 Nec
448 3915 591 3981 fortasse
614 3918 751 3982 aliunde
772 3918 890 4005 petitas
910 3940 983 3982 esse
1001 3921 1171 3985 artificum
1191 3939 1278 4003 epo·

230 4006 311 4071 chas
335 4003 425 4094 apud
447 4004 612 4081 Plinium,
636 4026 716 4070 cum
740 4026 794 4072 ma
844 4027 863 4069 a
889 4018 983 4093 parte
1002 4006 1164 4070 similium
1185 4000 1283 4072 ritaa'
1320 4024 1328 4053 ι

228 4092 418 4180 mortisque
441 4092 658 4158 notationum
682 4088 772 4180 apud
825 4093 981 4181 iogenem
991 4093 1170 4161 brictium
1188 4090 1277 4160 etia
1335 4100 1340 4110 ”
