2942 4875
227 400 315 464 ‘seo
355 391 503 459 Turno.
521 390 741 458 Manassis.
755 373 1037 454 'Nicouscnos
1062 388 1198 454 Drorn.

255 548 335 614 nias
357 564 439 634 1707
461 545 512 630 8.;
544 544 681 612 Latine
695 549 731 608 in
755 541 873 608 Clarii
885 540 979 630 Opp.
1001 539 1046 607 Τ.
1062 540 1089 606 1.
1108 541 1309 625 Mogontiae

257 653 354 723 ¹7¹²·
395 631 559 698 Menelai
577 651 660 698 roro
684 629 880 721 Sphaerica
900 641 982 693 ‘non
1009 628 1075 694 nisi
1104 627 1144 693 in
1169 628 1308 695 Latina

251 719 548 809 interpretatione
564 728 720 795 exstant,
743 737 867 803 quoin,
887 727 965 801 post
981 714 1045 782 Fr.
1058 714 1307 802 Maurohcum

251 807 431 874 Messenae
455 804 537 870 1558
557 802 639 886 iol,
673 801 960 870 1111111111,
980 801 1127 866 inseruit
1147 823 1226 866 suae
1242 802 1308 890 Sy-

253 891 356 982 napsi
380 889 681 969 Mathematicae,
715 889 822 954 Paris.
850 890 942 956 1644.
971 893 1022 969 4.,
1052 888 1165 954 denuo
1194 900 1307 953 autem

251 979 424 1045 recensuit
443 977 571 1041 collatis
595 1000 675 1042 mss.
689 975 857 1040 hebreicis
879 985 914 1038 et
928 975 1072 1040 arabicis
1090 973 1197 1041 Edm.
1209 976 1309 1040 Hal-

249 1066 321 1157 loy,
344 1074 379 1128 et
397 1084 477 1127 cum
499 1064 639 1150 praefat.
663 1062 769 1128 edidit
787 1063 829 1128 G.
847 1061 1013 1141 Costard,
1037 1059 1309 1148 0101117588.

317 1151 394 1217 Nec
405 1152 699 1235 praetermittendi
716 1149 852 1213 silentio
867 1147 1095 1225 Nicomachi,
1119 1150 1309 1216 Iamhhchi

250 1248 286 1303 ct
303 1235 509 1324 Diophanti
532 1236 613 1301 libri
636 1237 765 1325 aliquot
785 1236 1001 1319 superstites,
1023 1239 1058 1299 in
1080 1238 1203 1321 quibus
1219 1237 1310 1301 Ari·

253 1324 422 1391 thmetica
444 1335 598 1387 veterum
621 1327 788 1396 traditur,
818 1317 925 1406 qusm'
940 1324 1083 1408 iusuper
1102 1344 1145 1386 ax
1156 1322 1311 1388 Euclidis

252 1411 516 1478 Elementorum
540 1410 634 1475 libris
657 1407 827 1488 vll-lic,
858 1406 1095 1472 Eratosthenis
1125 1408 1247 1473 cribro
1275 1422 1311 1474 et

254 1496 476 1563 Archimedis
510 1498 682 1561 Arenaria
719 1515 926 1578 cognoscere
962 1494 1050 1561 licet.
1096 1494 1313 1562 Nicomachi

255 1583 395 1675 quidem
420 1581 588 1648 Gerascni
615 1604 660 1648 ex
689 1580 840 1656 Arabia,
872 1581 1074 1670 philosophi
1095 1582 1314 1670 Pythagorei

252 1690 340 1738 saec.
351 1669 413 1736 lldi
431 1671 482 1733 rel
499 1668 580 1734 llltii
596 1690 631 1756 p.
654 1668 737 1751 ch,
762 1667 859 1731 c‘uius
878 1668 1053 1734 Manuale
1071 1668 1313 1736 Harmoniam

252 1761 344 1825 inter
362 1751 514 1824 mmtcoi
537 1758 717 1847 scriptores
737 1755 901 1906 cupreig.
924 1773 995 1820 101.
1014 1754 1058 1824 T.
1074 1753 1113 1841 l.)
1134 1755 1312 1842 significa·

252 1847 383 1919 vimus,
422 1853 559 1908 exstsui
587 1844 838 1909 Arithmeticee
888 1841 951 1906 ‘tn‘
968 1842 1037 1908 duo
1065 1842 1195 1907 Graece
1227 1844 1313 1910 editi

254 1932 395 2008 Parisiis
420 1930 563 1995 15111.
591 1951 677 2014 quos
694 1927 891 2015 Appuleius
901 1940 942 1991 st
951 1928 1115 1993 Baithius
1134 1930 1215 1994 olim
1236 1931 1311 1995 La-

252 2022 343 2082 iinos
364 2014 534 2094 fecerant,
570 2016 630 2080 ahi
651 2014 904 2080 commentariis
930 2016 1060 2101 graecis
1084 2014 1311 2099 illustrarunt,

251 2105 288 2171 in
307 2104 361 2168 hie
388 2100 622 2183 lamblichus,
661 2123 680 2166 a
707 2102 805 2166 cuius
839 2122 941 2185 opere
971 2103 1108 2167 devita
1133 2116 1165 2167 et
1186 2105 1312 2193 phila-

254 2190 381 2280 saphin
391 2188 630 2276 Pythagorae,
647 2190 683 2252 in
696 2191 815 2255 decom
826 2187 931 2252 libros
946 2187 1141 2276 dispertito,
1163 2205 1312 2280 quartus

253 2281 536 2342 commentarium
559 2275 595 2338 in
620 2272 848 2349 Nicomachi,
870 2275 1117 2342 institutiones
1136 2278 1313 2343 arithme-

254 2367 346 2432 ticas
367 2362 563 2441 continens,
589 2360 719 2427 Graece
739 2374 770 2426 ct
788 2361 911 2428 Latine
935 2362 1045 2427 editus
1066 2376 1099 2430 et
1115 2365 1208 2427 notis
1228 2385 1312 2452 por-

254 2452 367 2539 petuis
398 2449 585 2515 illustratus
615 2459 665 2513 est
697 2472 716 2512 s
745 2449 840 2513 Sam.
871 2448 1059 2526 Terentilio,
1099 2450 1313 2517 Archeminc
1442 2466 1443 2473 ’

258 2534 409 2605 recipi.
438 2535 523 2599 Acc.
552 2535 673 2601 iaach.
700 2535 901 2601 Camerarii
928 2534 1133 2624 Explicatio
1163 2540 1200 2603 in
1221 2541 1314 2604 duaa

256 2626 362 2691 libras
374 2621 604 2701 Nicomachi,
626 2621 830 2686 Davantrisa
857 2619 970 2710 16611
989 2624 1160 2710 septimus
1179 2637 1310 2703 autem,

225 2719 440 2864 *¹¹5th
461 2704 1093 2860 ‘ttsstthctstcicttlci
1111 2711 1311 2866 ‘cicc

257 2817 854 2983 mullhchunycplibrum.Nicomacho
881 2879 968 2945 falso
990 2842 1099 2946 adseri
1127 2896 1201 2949 turn
1222 2839 1311 2961 csse:

256 2969 375 3035 docuit
385 2969 510 3035 Aetius
526 2967 572 3032 V.
587 2968 639 3032 Cl.
653 2991 690 3032 rn
702 2990 790 3032 nova
813 2969 885 3032 aius
905 2991 978 3035 una
996 2992 1076 3034 cum
1134 2968 1313 3039 immenti

202 3120 207 3133 ,
255 3055 543 3124 institutionibus
553 3055 717 3120 editione:
743 3052 1027 3140 Theologumenon
1038 3057 1311 3138 Arithmeticae,

257 3143 310 3208 ad
327 3143 548 3210 rarissimum
570 3143 768 3230 exemplum
793 3140 991 3207 Parisiense
1007 3146 1225 3209 entendatius
1245 3147 1311 3211 de-

256 3232 401 3318 scripta.
418 3228 502 3293 Ace.
515 3226 730 3294 Nicomachi
741 3226 901 3292 Gerasini
920 3228 1107 3294 ‘institutio
1124 3232 1312 3298 Arithme.

258 3316 331 3395 tica
357 3315 399 3379 ad
419 3315 523 3391 fidem
549 3315 649 3380 codd.
677 3314 938 3380 Monacensium
968 3316 1157 3380 emendate.
1189 3316 1311 3384 Edidit

259 3402 364 3468 Frid.
377 3402 508 3468 *Aetius
526 3401 664 3491 Lipsise
691 3404 781 3490 1817.
801 3403 831 3464 8.
865 3402 915 3465 Cf.
941 3399 980 3468 G.
998 3402 1042 3469 G.
1058 3401 1210 3469 Miilteri
1230 3406 1311 3469 No-

259 3488 334 3554 titia
356 3502 390 3554 et
409 3489 580 3553 liecensio
603 3489 703 3553 codd.
723 3512 805 3552 mss.
827 3488 980 3553 biblioth.
1007 3485 1168 3554 Cieeusis.
1196 3491 1311 3555 Porti-

260 3577 334 3647 culs
355 3573 421 3640 lx.
452 3574 544 3644 1818.
572 3577 604 3641 8.
626 3615 670 3630 -
713 3575 850 3640 Novam
881 3576 1066 3640 editionem
1097 3576 1315 3644 Nicomachi

261 3661 596 3729 Arithmeticaelib.
619 3663 661 3728 11.
690 3684 774 3726 curn
793 3658 955 3750 Krroppe'i
971 3671 1006 3725 et
1022 3663 1148 3728 Boshlii
1172 3663 1216 3727 Li
1241 3666 1313 3729 sire

208 3750 212 3761 '
261 3750 497 3834 prodituram,
519 3750 694 3817 nunciavit
715 3747 821 3814 Cotal.
843 3748 961 3813 libror.
980 3751 1015 3813 in
1032 3750 1196 3814 nundinis
1248 3751 1315 3839 'ps.

263 3838 382 3921 primis
400 3836 483 3900 anni
508 3836 600 3901 1810.
641 3837 915 3902 1011118111-
937 3836 1095 3923 Denique
1108 3834 1317 3925 Diophanti

265 3920 513 4000 Alexandrini,
546 3858 782 3990 Mathematici
805 3925 955 4009 egregii,
986 3933 1020 3986 et
1064 3934 1184 4012 roptsr
1203 3926 1315 3988 ratio-

266 4029 348 4074 nem
371 4031 472 4096 quem
498 4009 542 4077 ad
558 4010 721 4078 solvenda
732 4010 954 4098 {problemata
977 3945 1190 4075 arithmetice
1212 4009 1315 4075 odhi·

268 4097 357 4179 buit,
379 4097 578 4186 amhticae
587 4095 862 4178 Arithmsticac,
882 4119 985 4185 quam
1004 4094 1107 4162 hodio
1119 4096 1316 4186 Aigeiram
