2942 4875
167 319 206 371 η
569 311 814 366 lvsattvs.

174 473 400 540 Litlzieorum
426 470 658 558 fragmentum
691 471 735 536 G.
761 468 824 537 Ch.
849 467 1018 536 Tablerus
1045 431 1228 536 iuMusso

175 560 355 626 Helvetico
377 581 407 623 a.
432 561 515 649 1784
535 570 569 624 et
593 557 687 649 1785.

376 683 393 712 N

652 730 680 823 t.
706 729 758 796 13.

246 902 416 982 Musaeo,
436 926 555 991 quem,
577 925 786 992 quamquam
809 901 1024 970 Eleusinium
1047 901 1101 966 rei
1117 900 1232 966 Athe-

179 991 355 1068 nieusem,
385 1015 429 1055 ex
448 991 733 1077 Eumolpidarum
753 993 869 1055 tatneu
888 989 1037 1053 Thracia
1053 997 1150 1073 geute
1170 1010 1231 1050 or·

177 1088 271 1150 tum,
294 1090 327 1139 et
341 1078 483 1142 *Seieuea
502 1078 571 1142 sive
596 1079 717 1144 Lunae
735 1077 864 1153 filium,
887 1074 1021 1163 Orphei
1042 1086 1155 1138 autem
1171 1075 1227 1137 di·

177 1163 351 1250 scipulum
377 1165 547 1241 habuere,
559 1179 562 1188 '
574 1186 699 1249 magno
716 1165 751 1230 iu
771 1165 875 1229 sacris
890 1162 1067 1247 teletisque
1084 1161 1230 1238 nomini,

176 1260 251 1313 tum
280 1251 379 1335 plura
413 1251 582 1327 carmina,
609 1252 734 1336 passim
754 1251 975 1336 scriptoribus
1008 1250 1160 1323 laudata,
1181 1250 1227 1334 (v.

177 1332 309 1400 Fabric.
328 1337 368 1400 B.
393 1337 435 1400 G.
462 1337 542 1400 ·r.1.
565 1358 598 1422 p.
613 1356 673 1400 120
684 1361 756 1426 sqq.
781 1338 891 1417 Heri.)-
909 1336 1127 1408 tribuuntur.
1155 1344 1230 1395 tum

184 1421 451 1500 Onomacritus,
473 1424 694 1487 Pisistratidis
715 1425 868 1489 etXarxi
884 1423 1049 1510 aequalis,
1078 1420 1233 1487 Orarula

178 1507 381 1598 (χρησμούς)
407 1513 628 1598 supposuisse
659 1514 785 1576 dieitur
806 1511 988 1599 (Herodot.
1012 1508 1089 1571 VH.
1108 1509 1138 1572 6.
1150 1504 1231 1569 cte-

177 1615 276 1658 meus
296 1596 396 1658 Alex.
420 1597 548 1661 Strom.
571 1598 596 1662 1.
610 1597 716 1686 psida
729 1601 849 1685 sq.).-
867 1597 986 1659 Vnum
1011 1596 1047 1658 iu
1072 1593 1234 1658 Cererem

180 1681 346 1767 Iiytnnum
370 1681 572 1761 Pausanias,
602 1707 662 1755 sua
685 1698 790 1749 aetate
808 1685 1044 1772 superstitem,
1066 1703 1084 1743 e
1109 1680 1232 1743 ceteris

177 1768 314 1832 Musaei
336 1769 484 1833 incertus
503 1769 582 1833 fidei
605 1774 767 1857 operibus
790 1771 912 1833 eximit
943 1771 968 1834 l.
987 1789 1039 1832 αα.
1065 1766 1141 1830 coli.
1168 1762 1231 1831 lV.

181 1874 254 1916 1.-
280 1855 441 1918 Eiusdem
458 1855 681 1941 nomenp'ree
701 1880 736 1921 se
756 1855 994 1921 fertcarmeue
1021 1855 1113 1917 icum
1126 1850 1234 1916 ch-
1288 1907 1296 1915 .

175 1941 332 2005 moribus
356 1943 474 2006 Herus
492 1954 526 2005 et
545 1942 722 2020 Leandri,
739 1945 777 2008 in
797 1944 913 2007 multis
925 1877 1022 2005 codd).
1043 1939 1155 2002 adbuc
1171 1961 1233 2001 su·

175 2036 325 2114 perstes,
358 2027 517 2112 idemque
547 2028 649 2092 molle
678 2040 711 2093 et
733 2031 890 2117 elegans,
917 2028 978 2092 sed
1008 2027 1237 2112 apoiitarumf

179 2112 498 2196 antiquissimorum
525 2115 757 2201 simplicitate,
791 2120 961 2203 priscique
984 2113 1154 2179 sermonis
1172 2112 1230 2174 iu-

176 2197 254 2263 doie
277 2217 346 2262 tunt
367 2200 575 2278 abhorrens,
598 2212 637 2265 ut
655 2206 706 2267 vel
724 2204 887 2268 hactenus
905 2205 1007 2287 lenge
1025 2200 1161 2264 serioris
1174 2219 1234 2261 ae-

175 2285 254 2348 tatis
281 2288 416 2372 poetae,
452 2289 543 2352 circa
564 2286 690 2356 Nonni
708 2301 881 2378 tempora,
910 2287 1043 2352 saeculo
1074 2286 1159 2351 [Vto
1179 2283 1233 2349 vel

176 2371 238 2434 W
263 2373 380 2449 initio,
403 2372 487 2439 iilud
514 2375 736 2441 tribuendum
755 2401 843 2455 esse,
866 2378 1055 2460 sagaciores
1083 2373 1233 2436 viderint
1256 2385 1261 2396 ’

181 2458 311 2524 Critici.
357 2461 445 2525 Sunt
463 2463 566 2525 etiam
592 2464 667 2549 qui,
691 2486 797 2553 quum
817 2472 853 2529 iu
876 2465 1036 2529 omuibus
1055 2458 1231 2523 codicibus

178 2545 314 2610 Musaei
342 2548 581 2613 Grammatici
601 2572 729 2616 nomen
758 2553 902 2618 carmini
927 2546 1118 2636 praefixum
1137 2547 1231 2631 lega-

178 2642 251 2709 tur,
274 2655 319 2697 ex
340 2632 500 2720 Procopii
518 2633 644 2700 Guzaei
662 2639 804 2725 epistola
819 2640 975 2727 quadum,
996 2636 1038 2698 ad
1052 2634 1232 2696 Musaeum

179 2721 324 2806 scripto,
361 2722 597 2786 coniecturam
633 2723 813 2800 facientes,
846 2747 943 2803 eum,
971 2727 999 2785 si
1028 2731 1146 2783 noster
1177 2718 1234 2782 hic

179 2806 224 2956 qit
243 2808 505 2894 intelligendus,
521 2808 625 2874 'sexto
648 2811 789 2877 demum
808 2812 924 2876 seculo
942 2808 1068 2874 vixisse
1088 2817 1234 2869 conten-

204 2903 273 2956 ant.
567 2918 573 2927 ·

248 2978 421 3045 Carminis
444 2979 547 3046 huius
566 2985 730 3074 princeps
748 2985 880 3063 editio,
902 3001 1109 3070 quamquam
1126 2992 1160 3043 et
1177 2978 1237 3043 lo-

180 3065 213 3129 ci
236 3076 269 3129 et
290 3072 368 3131 anni
398 3077 479 3131 nota
504 3069 678 3150 destituta,
702 3069 846 3135 hebetur
866 3070 1001 3135 Aldina
1020 3072 1131 3153 pss'01'2
1155 3087 1235 3131 001ss

183 3153 271 3218 Aldi
297 3154 446 3217 Manutii
470 3154 578 3242 praef.
599 3178 739 3243 graeca,
769 3162 960 3245 quaternis,
990 3154 1237 3239 (verisimiliter

179 3260 210 3302 u.
234 3243 314 3328 1494
348 3241 368 3304 Ι.
394 3242 476 3330 1495
497 3244 591 3331 typis
615 3244 775 3331 vulgata).
835 3243 1097 3331 Steplaaniana,
1134 3260 1236 3327 prae-

179 3325 375 3391 cedentibus
391 3329 499 3391 multo
510 3333 728 3411 correctiore,
747 3333 836 3396 inter
848 3331 968 3394 Poetae
979 3326 1128 3390 Graecos
1138 3327 1235 3411 priu-

178 3414 270 3500 cipes
293 3414 432 3478 Parisiis
469 3413 561 3481 1566.
592 3414 707 3481 forma
743 3440 853 3492 mam,
885 3418 1044 3480 nituntur
1068 3412 1234 3476 editiones

178 3498 406 3589 Kromayeri,
428 3501 539 3567 Matb.
566 3503 719 3570 Roeveri
741 3516 792 3581 et,
812 3525 900 3592 quae
917 3502 1037 3564 ceteris
1054 3509 1235 3588 praestant,
1305 3562 1308 3567 .

177 3582 225 3648 10.
250 3587 452 3666 Schradera‘,
476 3589 690 3655 Leovordiae
715 3598 807 3680 1742.
833 3591 983 3666 octonis,
1018 3610 1057 3651 ac
1080 3585 1236 3650 Heinri-

179 3672 271 3748 chii,
305 3673 505 3741 Hannover.
532 3675 625 3764 1793.
648 3677 698 3755 8.,
731 3680 790 3766 qui
821 3686 953 3741 textum
975 3677 1175 3761 recognovit
1202 3682 1237 3734 et

178 3761 324 3823 eruditis
348 3762 514 3826 instruxit
544 3767 833 3830 annotationibus.
879 3764 1035 3838 Novam,
1063 3782 1126 3823 nec
1148 3781 1235 3823 cou-

178 3847 416 3925 temnendam,
440 3848 601 3914 carminis
613 3852 884 3939 recognitionem
897 3846 1055 3915 criticam'
1069 3845 1231 3911 debemus

177 3934 224 3999 A.
254 3931 413 4012 Maesio,
438 3936 546 4001 Halae
576 3939 665 4003 1814.
688 3939 821 4003 octonis
844 3938 899 4004 vel
920 3935 1087 4007 duodenis
1111 3934 1232 3999 maior.

176 4017 407 4109 neuquuum
429 4034 505 4090 tum
529 4022 737 4109 editionum,
762 4035 838 4092 tum
867 4025 1068 4093 versionum
1096 4021 1134 4086 in
1159 4018 1236 4110 ple·
