2942 4875
232 396 274 467 3⁰
584 389 917 443 alturnam

231 556 357 625 risum,
380 547 647 637 Lamproclem,
678 551 802 616 Ionem
827 550 976 626 Chium,
1004 549 1174 635 tragicum
1198 550 1282 614 item

232 648 267 700 et
286 635 476 719 elegiacum
494 636 646 721 po'e'tam,
680 636 883 724 Polyidum,
910 637 1080 710 Crexum,
1113 637 1282 702 Philoxe-
1369 653 1374 660 '

231 745 316 788 num
341 721 560 810 Cyllaerium,
595 721 759 810 Dionysii
781 723 921 785 maioris
943 722 1147 805 Syracusani
1178 720 1282 785 ferni-

230 810 372 884 harem,
405 805 446 871 de
471 829 539 893 quo
551 806 628 870 vide
655 809 966 898 Wyttenbuchium
991 810 1027 870 in
1053 808 1219 873 Diutrilre
1238 809 1282 872 cle

233 881 453 970 Philoeleuis,
484 898 610 957 inserta
630 897 702 957 eius
720 895 867 958 Miscell.
888 895 1011 958 Doctr.
1046 893 1088 957 li.
1106 918 1140 983 p.
1154 897 1281 980 litt-72,

238 981 459 1058 Timotheum
485 1002 608 1068 genere
635 982 837 1057 Milesium,
869 991 989 1044 contra
1016 1001 1118 1067 quem
1144 1001 1281 1066 insigne

234 1069 481 1154 Spartanorum
511 1077 622 1130 exstat
654 1068 850 1143 decretum,
883 1068 974 1152 quod
996 1081 1145 1132 veterem
1168 1070 1281 1132 Musi-

234 1175 309 1216 carn
330 1163 533 1238 corruperat
552 1150 613 1241 (ci.
624 1154 787 1242 Uptouus
799 1152 841 1217 ed
853 1154 999 1242 Dionys.
1016 1154 1096 1217 Hal.
1114 1156 1155 1220 de
1167 1175 1282 1239 comp.

233 1239 329 1304 verb.
347 1262 379 1325 p.
393 1237 453 1303 264
475 1237 646 1329 Sabaei),
678 1241 825 1327 denique
855 1239 1013 1305 Telesteu
1035 1241 1282 1315 Selinuntium,

234 1331 408 1391 acomiro
437 1326 588 1396 eiusdem
611 1329 762 1392 nominis
795 1328 980 1415 et'patriae
1006 1327 1126 1414 poeta,
1165 1328 1282 1390 Athe-

234 1425 320 1476 naeo
337 1422 371 1474 et
391 1412 513 1477 Suidae
531 1412 686 1491 laudato,
707 1416 765 1478 vix
782 1415 972 1490 diversum,
1004 1415 1110 1486 cuius,
1125 1415 1282 1499 poe'rnata

235 1498 485 1586 dithyrambica
506 1500 676 1584 Harpalus
701 1503 742 1565 ad
765 1499 1004 1566 Alexandrum
1024 1499 1074 1562 M.
1103 1501 1140 1561 in
1159 1501 1282 1564 Asiam

235 1587 367 1649 misisse
383 1586 507 1649 dicitur
523 1585 707 1653 Plutarcho
731 1589 773 1670 (V
779 1589 815 1654 it.
827 1587 930 1651 Ales.
952 1607 982 1672 p.
997 1585 1060 1650 668
1072 1587 1153 1669 D.),
1177 1593 1282 1650 vitam

236 1684 351 1735 autem
374 1671 554 1759 descripsit
574 1669 878 1739 Aristoxenusscf.
897 1673 1042 1737 Muhuii
1055 1672 1209 1736 Distribe
1239 1673 1282 1736 de

236 1759 448 1824 Aristoxeno
493 1780 566 1846 .9a.
593 1761 849 1824 Haerentossd
870 1761 994 1823 Marm.
1014 1760 1117 1844 Borg.
1135 1760 1171 1822 iu
1190 1759 1281 1826 Bibt

238 1846 270 1910 d.
278 1846 335 1912 alt,
353 1845 421 1934 pit„
434 1783 532 1933 lhip.
544 1848 586 1910 54
595 1867 642 1932 sq.
657 1844 896 1910 Harlesioead
912 1844 935 1907 F
938 1846 1041 1912 abric.
1064 1845 1107 1908 T.
1117 1846 1158 1911 ll.
1172 1869 1206 1932 p.
1222 1845 1283 1931 1'57
1304 1843 1306 1850 ’

238 1952 287 2017 sq.
313 1931 402 1996 Cum
422 1932 632 2006 Philoxeno,
665 1932 868 2006 Timotheo,
901 1931 1066 2017 Polyido,
1099 1954 1170 1994 uno
1192 1943 1282 1995 tem-

262 2038 323 2080 ore
343 2017 461 2081 floruit
481 2018 570 2082 circa
582 2016 876 2104 Olympxcvs
894 2028 977 2079 teste
993 2005 1148 2081 Diodoro
1166 2017 1284 2081 Siculo
1378 2095 1380 2102 Ι

235 2042 404 2191 illitu.
416 2143 458 2154 -
484 2104 595 2191 [psum
610 2103 794 2170 Platonem
804 2103 1070 2174 adolescentem,
1088 2101 1283 2190 dithyram-

236 2189 363 2256 borum
383 2189 584 2278 scriptorem
602 2190 764 2254 novimus
784 2210 803 2252 e
821 2190 977 2276 Diogene
989 2191 1190 2256 Laertio.-
1214 2191 1284 2256 Ce-

236 2288 350 2362 terum
366 2277 632 2341 vetustissimum
648 2276 908 2365 dithyrambum
924 2278 1062 2378 tragico
1072 2278 1215 2342 dramati
1227 2279 1285 2344 in-

236 2363 406 2428 veniendo
430 2361 574 2427 Graecis
600 2385 717 2427 ansam
745 2364 896 2445 dedisse,
927 2365 1132 2429 Aristoteles
1164 2375 1284 2428 auctor

237 2461 289 2516 est
304 2451 345 2514 de
362 2450 459 2516 Polis.
470 2474 499 2517 c.
511 2457 562 2529 4.,
585 2462 619 2515 et
635 2453 671 2514 iu
688 2451 943 2535 tragoediarum
959 2472 1176 2537 graecarum,
1199 2472 1285 2538 quae

238 2538 352 2603 adhuc
371 2549 573 2625 supersunt,
596 2537 711 2602 choris
727 2539 842 2622 plures
861 2538 902 2601 ad
920 2538 986 2601 hoc
1006 2539 1166 2603 carminis
1184 2538 1284 2627 lyrici

261 2622 474 2689 cnrrsreferri
483 2623 616 2700 debere,
630 2627 768 2710 quiana
780 2647 858 2688 cum
871 2624 1130 2712 dithyrambicis
1142 2625 1284 2689 Pindari
1397 2624 1402 2631 ’

237 2647 458 2798 iragrueutis,
480 2711 652 2800 imprimis
670 2711 730 2775 illo
745 2712 973 2798 amplissimo,
997 2711 1283 2797 aDionysioila-

238 2799 294 2867 lic.
315 2800 357 2861 de
377 2807 496 2864 struet„
519 2821 570 2862 or.
589 2820 618 2862 c.
640 2818 692 2863 aa.
711 2797 864 2875 laudato,
886 2798 1101 2883 reliquorum
1115 2801 1283 2864 iacturam

264 2883 493 2953 uodammodo
510 2885 710 2961 resarciant,
734 2896 827 2949 recte
844 2895 962 2948 mouet
978 2884 1229 2953 Timkowskius
1246 2886 1284 2949 ia

239 2909 435 3037 hommem.
453 2971 495 3036 de
513 2971 762 3047 Dithrrumlu'e
774 2994 960 3070 eorumque
977 2994 1042 3035 usu
1058 2973 1158 3060 opud
1172 2972 1286 3036 Grue-

241 3083 299 3125 coa
309 3057 554 3134 etRomunoe,
577 3044 745 3143 Musquae
760 3056 871 3129 1806,
893 3067 1020 3120 inserta
1032 3056 1156 3122 Beckii
1166 3056 1284 3123 hcet.

242 3143 341 3214 Actis
365 3144 493 3210 Scmin.
512 3143 599 3229 Reg.
625 3153 658 3206 et
674 3144 751 3206 Soc.
776 3140 948 3228 Philotog.
968 3142 1067 3230 Lips.
1092 3144 1136 3207 T.
1148 3145 1172 3211 l.
1196 3145 1285 3230 Lip-

242 3233 310 3295 siae
327 3230 417 3294 1811.
431 3240 473 3307 8.,
517 3252 569 3313 ag.
583 3228 656 3297 216.
674 3228 719 3293 cf.
739 3230 934 3295 Boecklu‘as
952 3229 994 3291 de
1007 3231 1125 3295 metris
1143 3231 1286 3294 Pindari

179 3308 182 3315 ’
243 3253 1283 3405 Ill-e.rh.p.27iH.ClaGenelliTheaterzuAtheap.8seqq.

722 3488 742 3583 p
761 3489 818 3559 45.

314 3664 360 3729 Ut
380 3660 519 3728 nullum
548 3662 621 3729 sere
655 3661 845 3728 hominum-
857 3682 965 3748 genus
989 3662 1055 3729 fuit
1074 3661 1199 3728 Graeci
1219 3685 1286 3729 no-

237 3752 350 3818 'minis
376 3752 460 3837 quin
485 3751 600 3813 cantui
627 3751 795 3827 studeret,
828 3759 861 3811 et
881 3753 1011 3815 musica
1045 3751 1289 3830 delectaretur3

246 3838 382 3903 nullum
404 3834 584 3916 sorevitae
605 3847 782 3923 peractum
802 3839 996 3919 negotium,
1026 3838 1081 3901 cui
1103 3861 1175 3902 non
1191 3849 1287 3905 certo

251 3925 401 3989 carmina
416 3921 776 3987 consecrata'fuerint:
800 3922 895 3985 cuuis
909 3924 1044 4009 generis
1052 3923 1289 3988 cantiunculae
1376 3932 1404 3942 ”

249 4012 431 4077 laudantur
448 4021 624 4075 textorum
652 4009 786 4090 ἔλινοι),
804 4010 981 4095 pistorum
995 4010 1179 4098 (πτισμοί),
1199 4033 1291 4077 mea-

249 4108 367 4167 torum
382 4097 616 4187 (Λυτιέρσαι),
699 4093 860 4186 ficorum
876 4094 999 4188 (ἴουλοι
1014 4097 1067 4162 vel
1083 4089 1209 4188 attor),
1229 4096 1294 4187 pi·
