2942 4875
276 415 340 482 ιώ
629 414 975 481 Paoairrs

274 570 335 656 qni
362 584 401 632 ea
427 566 466 631 in
481 559 639 631 ordinem
660 565 831 653 redigeret
860 580 962 654 atque
988 567 1187 632 emendaret
1209 586 1329 656 expo-

276 657 433 739 Iiretque.
482 650 515 719 Ie
548 654 674 739 igitur,
719 656 913 720 Andronici
942 655 1075 720 Rhodii
1106 653 1332 742 Peripatetici

274 742 434 828 exemplo
455 737 512 828 (ef.
535 739 579 805 T.
597 741 624 806 L
646 763 681 828 p.
708 740 808 829 132),
830 742 1058 843 magistriani
1080 763 1185 829 opera
1205 744 1242 805 in
1262 765 1331 806 aex

273 828 486 909 Eaaeaalae,
506 827 691 915 unicuique
709 827 867 892 Bnueadr
881 835 1007 895 novem'
1020 827 1115 893 libria
1134 823 1244 893 affinia
1264 851 1329 892 ar-

273 915 430 1000 gumenti
454 912 608 991 tributio,
641 917 803 1000 partitum
826 936 863 978 ae
886 937 958 978 eaae
982 916 1054 1001 ipae
1081 915 1161 978 antia
1185 917 1329 1003 copiose

144 1000 148 1006 ’
272 1008 418 1091 exponit
430 1002 467 1063 in
479 999 568 1065 libro
590 1001 716 1064 devita
733 1000 868 1065 Plotini
885 1003 1025 1101 alaeque
1044 1000 1215 1066 librorum
1235 1005 1331 1066 cerie

272 1110 346 1175 cap.
371 1094 423 1151 aa.
469 1086 550 1167 Quo
579 1085 692 1148 indice
722 1096 756 1149 et
785 1108 853 1173 qua
879 1086 1045 1151 divisione
1074 1088 1198 1151 servati
1219 1089 1329 1152 etiam

227 1219 231 1232 ·
271 1187 350 1239 sunt
361 1171 560 1262 philosophi
575 1171 695 1248 haina,
717 1173 1047 1260 Neoplatonicorum
1070 1175 1256 1262 principia,
1278 1175 1331 1236 Ii-

272 1262 342 1337 bri,
367 1269 508 1347 propter
530 1279 648 1322 rerum
671 1269 705 1320 et
720 1259 880 1324 dictionis
902 1262 1162 1338 obscuritatem,
1186 1262 1354 1348 paucis·-

273 1351 376 1412 eimoa
400 1348 491 1409 nacti
512 1344 660 1409 editores
689 1358 790 1430 atque
819 1352 1031 1430 interpreter.
1079 1348 1195 1410 Primo
1226 1348 1327 1410 enim

272 1435 405 1500 Latr'rze
422 1429 628 1519 prodierunt
642 1431 772 1495 Plotini
782 1433 961 1497 Enneadea
978 1455 1020 1496 ex
1040 1435 1327 1519 interpretatione

272 1520 437 1586 Marar‘lii
457 1518 595 1596 Ficim',
618 1518 770 1583 eiusdem
791 1521 851 1605 qui
877 1520 1025 1583 Platonis
1042 1541 1147 1607 opera
1168 1530 1326 1583 transtu-

272 1609 330 1685 lit,
355 1627 518 1669 unacum
536 1607 610 1669 eius
626 1612 835 1689 argumentis
853 1607 923 1668 aive
944 1608 1215 1688 commentariia,
1236 1606 1326 1671 fro-

256 1696 399 1782 ¹rentiae
426 1698 517 1782 1492.
535 1695 617 1758 15⁴0
639 1704 673 1754 et
689 1689 843 1780 1559f01.
872 1692 1185 1758 Graeco-Latinae
1205 1704 1325 1758 autem

271 1782 356 1843 duae
378 1779 491 1843 adhuc
512 1787 646 1841 exstant
666 1778 832 1842 editiones
860 1801 937 1842 cnm
961 1780 1137 1864 interpret.
1160 1789 1195 1844 et
1214 1801 1324 1866 argu·
1416 1833 1419 1842 ,

271 1867 394 1931 mentis
415 1869 464 1930 M.
486 1863 616 1944 Finiat,
649 1876 796 1948 quatuor
812 1865 912 1930 codd.
937 1888 1017 1929 mas.
1039 1865 1127 1940 fide,
1159 1886 1262 1954 opera
1284 1879 1324 1929 et

270 1957 360 2042 typis
372 1953 413 2018 P.
427 1952 583 2030 Pernae,
604 1950 754 2014 Basileae
769 1949 922 2019 1580sot.
941 1951 1044 2016 altera
1055 1953 1198 2032 ibidem,
1226 1951 1321 2017 1615.

270 2062 376 2125 quae,
409 2048 492 2102 teate
515 2036 705 2115 Cremera,
737 2058 807 2099 non
830 2039 972 2102 omniuo
1002 2038 1127 2126 prioris
1149 2041 1321 2125 repetitio,

271 2147 335 2190 nec
362 2124 412 2187 illi
435 2133 505 2186 tota
533 2121 655 2186 simitia
685 2133 756 2202 est,
790 2135 828 2186 ut
847 2125 949 2209 vulgo
979 2127 1146 2207 creditur,
1173 2137 1318 2213 utraque

270 2212 384 2275 autern
406 2211 496 2276 vitiia
516 2209 799 2294 inquinatissima.
830 2209 1033 2275 Tractatum
1048 2212 1176 2276 Plotini
1198 2214 1319 2278 alena·

267 2313 370 2375 tura,
398 2296 691 2384 contemplatione
715 2307 840 2361 etune
867 2297 1034 2384 (Ennead.
1057 2297 1116 2366 III.
1139 2300 1184 2386 8.)
1227 2300 1318 2363 Ger-
1434 2319 1435 2338 ¹

270 2386 407 2451 maniae
430 2385 530 2447 vertit
558 2383 622 2447 Fr.
644 2382 835 2450 Creuzerue
856 2385 893 2447 iu
913 2386 1003 2449 libro
1035 2387 1094 2470 qui
1119 2386 1319 2450 inscribitur

272 2472 420 2538 Studien
431 2472 708 2556 lierauegeg.von
723 2470 762 2534 0.
772 2471 880 2535 Danb
891 2495 924 2535 u.
935 2472 978 2536 F.
989 2473 1146 2538 Creator.
1157 2472 1317 2537 Heideib.

272 2558 365 2625 1805.
395 2558 439 2619 T.
462 2556 488 2623 Ι.
533 2555 626 2619 Idem
650 2557 704 2619 vir
725 2556 941 2621 doctissimus
964 2558 1101 2625 Plotini
1122 2560 1318 2637 titramae

266 2642 532 2735 pulchritudine
557 2641 599 2705 ad
616 2639 725 2706 Codd.
743 2641 831 2707 XIII
845 2641 946 2708 fidem
970 2645 1179 2724 emendavit,
1201 2669 1317 2710 anno-

268 2734 429 2797 tationem
458 2738 677 2830 perpetuam,
711 2732 898 2794 interiectis
926 2732 1024 2797 Dan.
1050 2733 1316 2822 Wytterebaclu‘i

268 2824 379 2897 notia,
417 2816 662 2901 epistolamque
693 2814 735 2877 ad
759 2819 917 2882 eumdem
949 2840 987 2880 ac
1019 2823 1315 2904 praeparationem

268 2926 375 2990 quum
405 2902 560 2967 adhunc
581 2900 707 2965 librum
729 2913 805 2965 tum
827 2904 868 2965 ad
890 2904 1038 2990 reliquos
1068 2906 1200 2969 adiecit.
1228 2909 1316 2970 Aac.

267 2989 443 3055 Anecdota
486 2988 641 3052 Graeca:
695 2987 815 3054 Procli
853 2991 1061 3079 Disputatio
1100 2992 1144 3056 de
1176 2995 1316 3058 uar’tate

184 3138 188 3149 ,
265 3090 301 3144 et
328 3074 609 3165 ptalclzritudiae,
648 3075 850 3163 -Nicepltori
880 3077 1117 3143 Natlaanaelia
1147 3078 1316 3143 Antithe-

267 3166 358 3230 ricae
379 3160 541 3226 adversar
566 3161 745 3225 Plotinum
765 3162 808 3226 de
825 3165 964 3242 anima3
995 3170 1146 3249 itemque
1165 3165 1315 3231 Lectio-
1434 3192 1435 3211 ¹

267 3274 326 3315 aee
345 3245 551 3314 Platonicae
573 3247 767 3311 niaximum
784 3260 924 3335 partem
940 3274 982 3316 ear
996 3251 1106 3315 coda.
1128 3275 1206 3316 maa.
1228 3275 1315 3317 ena-

267 3348 375 3402 tataa.
408 3334 653 3416 Heidelbergae
681 3335 771 3398 1814.
799 3337 918 3399 Sinai.
941 3378 984 3391 -
1029 3336 1167 3402 Plotini
1191 3336 1234 3403 cle
1254 3362 1315 3403 re·
1362 3334 1367 3347 ¹
1434 3386 1435 3393 .

266 3442 558 3575 mittitis.
576 3419 825 3573 ittitilit
843 3421 1315 3597 tellit-..tia'tspttt

271 3596 363 3679 1788.
394 3594 424 3658 8.
449 3636 490 3649 -
535 3594 695 3658 Universi
717 3596 831 3680 operia
858 3594 1046 3660 Plotiniani
1067 3599 1314 3684 interpretatio

273 3681 486 3748 Germanica
507 3682 705 3766 nuperrime
728 3679 840 3765 lucem
861 3683 962 3760 vidit,
994 3682 1062 3747 hoc
1083 3683 1213 3747 indice:
1237 3684 1316 3749 Dee

268 3769 431 3835 Plotinae
461 3765 672 3845 Enneaden,
714 3768 905 3847 liberarint,
941 3770 1009 3833 mit
1030 3768 1173 3857 fartlau
1193 3769 1316 3846 endon,

267 3858 333 3919 den
363 3851 488 3919 Urtext
508 3854 753 3921 eriliuternclen
775 3856 1047 3943 Anmerlungea
1065 3878 1132 3922 von
1176 3896 1189 3918 .
1202 3854 1245 3920 G.
1264 3854 1314 3920 V.

268 3940 503 4025 Eagellrarclt.
537 3940 710 4025 Erlaugen
747 3942 838 4009 1820.
862 3945 882 4007 8
907 3943 985 4005 mai.
1006 3984 1049 3997 -
1093 3940 1147 4004 Cf.
1169 3941 1315 4006 fabricii

270 4027 309 4090 B.
328 4027 390 4090 Gr.
414 4027 457 4089 T.
471 4027 517 4088 V.
546 4049 577 4112 p.
595 4028 660 4108 676
676 4050 802 4112 sqq.-
833 4027 873 4092 C.
896 4026 1054 4094 Mer‘nera
1077 4027 1230 4116 Ber’trag
1251 4051 1316 4093 zur

274 4113 479 4179 Geaclticlrte
516 4112 577 4178 der
606 4113 769 4178 Dealart
810 4113 873 4180 cler
906 4126 1020 4181 craten
1052 4114 1315 4181 laltrltunderte
