2942 4875
209 426 233 495 6
434 442 733 495 crrrsusrsrsr
766 441 1049 493 onsscsnusr

210 861 275 928 DE
288 859 569 930 PRIMORDllS
585 861 919 931 LITTERARUM
930 853 1255 928 GRAECARUM.

708 1126 780 1218 is

284 1296 331 1361 Ut
350 1298 560 1383 populorum
581 1300 695 1386 groeci
717 1299 868 1364 nominis
891 1296 1056 1382 origines,
1079 1295 1124 1358 its
1145 1293 1262 1358 cultu-

147 1435 153 1440 .
213 1405 273 1449 rue
288 1405 429 1462 eorum,
455 1408 539 1471 quse
558 1388 599 1449 eb
616 1385 744 1451 artibus
757 1388 918 1451 litterisve
932 1383 1085 1474 profecta
1102 1391 1168 1457 est,
1184 1383 1263 1468 pri-

216 1468 372 1547 mordie,
400 1471 444 1534 ob
469 1473 688 1538 historiarum
708 1486 741 1537 et
759 1482 1063 1538 monumentorum
1089 1467 1265 1532 deiectum

216 1578 278 1622 seu
315 1558 509 1643 penuriam,
541 1564 659 1649 paucis
690 1560 876 1625 admodum
906 1559 1054 1644 vestigiis
1073 1556 1263 1639 iisdemque

215 1642 284 1706 lete
296 1641 474 1730 dispersio,
490 1645 648 1734 fameque
659 1648 803 1716 obscure
823 1646 983 1734 proditis,
1004 1643 1162 1728 indagari
1178 1662 1263 1728 que-

217 1739 293 1794 unt.
338 1731 378 1794 ln
400 1729 455 1795 his
476 1736 573 1820 qussi
591 1737 741 1800 tenebris
765 1734 828 1798 trie
847 1735 930 1797 haec
946 1743 1060 1795 temen
1078 1732 1157 1793 sutis
1169 1741 1262 1791 certe

216 1838 422 1902 cognoscere
443 1820 539 1899 licet,
549 1824 724 1909 primum,
749 1822 892 1886 lonicae
911 1842 950 1882 ec
974 1819 1129 1884 Doricae
1149 1814 1264 1902 stirpis

88 1901 105 1928 '⁴
212 1903 428 1993 populorum
449 1907 709 1974 Hellemcorum
735 1910 856 1993 ingens
883 1907 1071 1972 discrimen
1092 1925 1162 1966 non
1182 1923 1263 1965 mo-

213 1990 259 2053 do
270 1990 313 2053 ed
323 2011 533 2068 sermonem,
549 1996 723 2059 civitatum
735 1994 1010 2080 descriptionem,
1022 1991 1146 2076 legum,
1158 1988 1263 2054 disci-

211 2076 347 2163 plinae,
368 2077 615 2157 institutorum,
625 2104 772 2160 morum,
790 2082 878 2146 vitae
899 2081 1024 2155 cultus,
1037 2076 1264 2154 vestitus,in-
1302 2081 1306 2086 ’

211 2161 324 2225 dolem
333 2164 552 2247 pertinuisse,
568 2169 740 2233 sedetiam
751 2168 792 2234 ed
805 2169 997 2232 litterarum
1008 2176 1041 2228 et
1051 2170 1175 2228 artium
1188 2174 1264 2226 stu-

214 2248 489 2332 diainchounds,
505 2253 714 2341 desigpends
729 2267 830 2342 etque
849 2251 1067 2319 inlormende
1083 2272 1144 2337 per
1162 2269 1264 2335 omne

215 2337 397 2424 temporis,
419 2360 487 2423 quo
499 2362 579 2420 suo,
598 2343 743 2421 horest,
759 2346 874 2407 nativo
889 2341 977 2406 flore
993 2334 1166 2423 vigebant,
1183 2358 1265 2424 spe-

215 2422 306 2486 tium
330 2447 491 2511 magnam
523 2430 593 2493 vim
621 2428 796 2510 habuisse3
825 2429 965 2506 deinde,
995 2425 1212 2513 ingeniorum
1232 2430 1266 2484 el

215 2511 342 2576 artium
354 2514 446 2600 apud
468 2512 619 2581 Graecos
644 2518 814 2583 culturum
832 2540 904 2583 non
923 2516 965 2580 ed
983 2513 1201 2603 peregrinae,
1222 2507 1264 2574 eb

215 2599 343 2661 exteris
362 2600 521 2684 gentibus
539 2615 707 2690 acceptae,
739 2606 885 2692 speciem
908 2615 942 2667 et
959 2601 1102 2664 modum
1120 2596 1265 2661 effictam

215 2681 421 2767 adolevisse,
453 2688 512 2752 sed
539 2690 577 2753 in
598 2694 720 2780 patrio
747 2694 821 2758 solo
851 2692 953 2783 qrtesi
970 2688 1151 2777 genitam,
1181 2682 1265 2748 huic

211 2772 402 2859 propriam
425 2784 458 2838 et
484 2777 544 2841 sni
556 2779 707 2843 similem
730 2777 851 2843 fuisse:
874 2778 1037 2866 deniqne,
1062 2798 1081 2838 u
1110 2771 1265 2837 carmine

214 2876 292 2919 eam
320 2867 353 2921 el
379 2871 501 2938 cantu,
531 2866 658 2929 musici
682 2864 910 2930 instrumenti
935 2862 1031 2927 sonis
1060 2867 1261 2947 temperato,

215 2963 364 3029 cumque
384 2947 528 3013 mimico
552 2951 671 3015 iuncto
690 2952 899 3026 saltatione,
913 2946 1122 3050 processisse
1142 2954 1263 3008 totum.

219 3030 372 3096 Carmen
395 3045 509 3115 eutem
538 3035 684 3100 dicimus
715 3058 809 3100 nunc
838 3048 1031 3101 orationem
1049 3030 1262 3108 viridiorem,

215 3117 368 3181 maxime
388 3122 602 3201 sensibilem,
624 3125 777 3191 numeris
795 3124 1009 3197 adstrictam,
1029 3117 1176 3182 necdum
1194 3127 1266 3181 erte

106 3242 110 3253 ·
215 3201 387 3282 limatum,
407 3207 466 3270 sed
486 3207 632 3275 subitam
659 3221 693 3274 et
713 3211 914 3288 fortuitum,
937 3230 976 3272 sc
992 3217 1135 3270 nuturee
1155 3206 1266 3299 ipsius

214 3291 309 3357 velut
332 3304 454 3381 sponte
480 3296 673 3383 proditam,
699 3299 873 3401 animique
895 3296 993 3362 valde
1022 3292 1187 3358 commoti
1207 3292 1266 3354 in-

212 3387 408 3464 terpretem.
454 3381 574 3462 Cuius,
592 3390 810 3470 quantumvis
821 3381 1003 3457 inconditi,
1023 3380 1184 3446 carminis
1196 3377 1267 3441 vim

214 3464 258 3529 ud
278 3466 490 3533 audientium
518 3471 650 3536 animos
676 3472 834 3537 rudiores
853 3467 1062 3535 deliniendos
1081 3466 1266 3552 insignem,

212 3573 321 3639 quum
344 3566 378 3619 et
399 3568 534 3635 cautus,
561 3560 707 3637 musice,
726 3558 913 3625 saltationis
939 3555 1146 3642 rhythmus,
1169 3553 1266 3616 vocis

211 3642 371 3728 perpetui
407 3645 566 3725 comites,
612 3656 647 3710 ct
667 3645 847 3736 festorum
878 3643 1083 3710 solemnitas
1118 3641 1281 3715 dierum.

211 3740 507 3819 conventuumque
516 3733 747 3821 popularium
761 3732 944 3799 celebritas
958 3728 1141 3816 insigniter
1160 3746 1268 3810 euge·

210 3823 304 3877 rent:
325 3816 445 3882 mirari
467 3819 615 3896 desines,
637 3821 675 3883 in
696 3819 841 3907 populo,
870 3824 967 3882 cuius
990 3814 1124 3880 mobile
1145 3810 1268 3876 sesol-

209 3899 277 3963 lers
298 3903 475 3987 ingenium
496 3906 607 3970 Musis
626 3906 723 3971 velut
743 3917 863 3970 nutum
884 3927 955 3971 esse
981 3903 1038 3968 vid
1047 3912 1143 3977 etur,
1173 3896 1268 3963 hsud

212 3984 360 4053 defuisse
377 3992 539 4070 subinde,
557 3994 618 4081 qui
637 3992 779 4058 rudium
799 3986 1151 4081 strengenensem
1162 4004 1267 4049 usum

209 4092 412 4162 moremque
432 4079 670 4166 repudiantes,
693 4091 807 4146 sumto
831 4084 940 4169 spatio
962 4078 1005 4142 ed
1030 4072 1266 4161 cogitandum,

210 4163 360 4249 paratius
375 4175 552 4249 canerent,
574 4180 650 4235 tum
668 4188 826 4237 sermone
840 4174 1025 4234 uterentur
1042 4164 1157 4229 minus
1177 4158 1264 4237 horq
