2942 4875
230 388 293 460 iffi
570 389 946 456 lancearta

224 560 1278 735 indulserunt„tusuuz'utrtteue

226 699 525 816 orator,’snmmo
556 736 765 823 compositus
786 735 910 799 studio.
935 754 965 797 v.
989 732 1061 800 cic.
1082 736 1124 800 de
1145 733 1269 802 sensu

227 843 257 888 c.
268 826 299 889 5.
313 822 389 887 coll.
411 818 509 886 Orat.
522 841 551 883 c.
567 842 638 892 rme
660 822 815 911 reliquae
819 819 982 910 forenses
1003 824 1075 886 sive
1092 822 1269 903 iudiciales,

226 918 364 998 praeter
380 908 569 972 orationem
588 918 712 972 contra
735 907 928 995 Sophistos.
952 906 991 973 ln
1011 908 1066 972 tiis
1081 928 1187 993 quum
1199 930 1271 973 ma-

224 998 319 1061 xime
341 991 485 1059 celebris
506 995 661 1080 lectuque
683 994 925 1056 iucundissima
954 996 1064 1060 oratio
1086 999 1157 1082 „spi
1178 991 1276 1060 tm.

175 1159 178 1163 ,
225 1080 350 1161 δόσεως
371 1082 441 1144 sire
468 1082 513 1144 de
521 1077 739 1166 ,facultatum
759 1083 1016 1167 permutatione
1040 1078 1101 1168 (cf.
1119 1079 1272 1147 wolfius

225 1168 268 1235 ad
285 1168 386 1232 Dem.
402 1165 503 1252 bept.
522 1187 554 1252 p.
564 1163 756 1252 cnut),
778 1165 821 1227 ad
843 1164 1000 1229 Isocratis
1018 1167 1122 1232 vitam
1145 1178 1180 1229 et
1201 1178 1279 1232 stu·

225 1255 281 1320 dia
301 1250 535 1340 cognoscenda
560 1252 734 1339 perutilis,
758 1271 859 1337 quam
882 1251 951 1314 duo
969 1265 1001 1316 et
1019 1252 1192 1336 octogiuta
1210 1276 1279 1319 au·

224 1359 289 1406 nos
308 1350 405 1404 natus
419 1359 522 1403 senex
541 1337 743 1404 venerabilis
760 1339 861 1420 (circs
877 1334 1084 1425 olympum
1095 1338 1172 1422 ld.)
1188 1360 1279 1404 con-

222 1435 275 1490 tra
295 1424 543 1513 Lysimachum
560 1435 805 1500 accusatorem,
826 1438 980 1512 suscepta
996 1429 1080 1490 vitae
1098 1446 1137 1487 ac
1159 1425 1278 1511 digni·

223 1511 301 1579 tutis
318 1533 397 1576 suae
418 1507 629 1591 defensioue,
651 1511 827 1597 scripsisse
849 1531 884 1574 se
906 1512 1068 1576 orationis
1086 1511 1185 1575 initio
1201 1515 1278 1599 ipae

222 1595 424 1690 profitetur,
455 1619 626 1686 quamque
657 1597 797 1661 dimidia
825 1597 901 1746 plus
931 1610 1025 1748 priate
1050 1619 1109 1661 sua
1140 1597 1275 1665 dudum

220 1696 438 1763 truncatam,
467 1705 576 1768 nuper
608 1682 781 1747 eduobns
807 1682 902 1747 liris
978 1708 1021 1752 ss.
1047 1681 1274 1751 bibliothecae

220 1769 472 1842 Ambrosianus
492 1780 525 1832 et
543 1769 795 1834 Laurentinum
816 1771 1031 1846 restauravit,
1058 1784 1157 1856 atque
1177 1776 1272 1836 iute-

265 1881 319 1925 am
337 1857 442 1922 edidit
463 1855 616 1920 Graecus
632 1853 850 1920 doctissimus
869 1856 1033 1921 Andreas
1044 1856 1275 1944 Mustosydea

219 1879 411 2014 {lediolani
437 1944 526 2005 1812.
538 1942 568 2008 8.
582 1979 622 1993 -·
644 1939 696 2005 Vt
716 1942 839 2029 Lysiae
861 1942 1101 2016 subtilitatem,
1123 1945 1170 2006 its
1191 1966 1274 2008 sua·

220 2029 361 2098 vitatem
388 2026 546 2098 Isocrati,
567 2037 741 2114 tamqnam
769 2032 883 2115 praeci
909 2049 988 2093 uam
1011 2030 1175 2093 orationis
1197 2031 1272 2095 eius

193 2185 195 2192 ,
220 2121 404 2193 virtrnem,
427 2114 547 2178 tribuit
568 2113 689 2178 Cicero
710 2114 753 2179 de
778 2111 839 2179 Or.
854 2049 911 2177 til,
925 2116 955 2178 8.
977 2125 1011 2179 et
1029 2135 1109 2179 saue
1124 2117 1273 2202 dignum

218 2213 271 2268 eat
292 2203 383 2289 quod
399 2201 529 2287 legatur
548 2200 708 2279 Socratis,
729 2222 789 2264 seu
807 2202 918 2289 potius
939 2200 1100 2279 Platonis,
1126 2201 1168 2264 de
1193 2201 1272 2266 lso-

220 2299 314 2354 crate
340 2287 504 2353 indicium
535 2289 738 2352 inem-ama
757 2290 881 2374 pagina
912 2287 1081 2367 Phaedri,
1104 2288 1194 2372 quod
1217 2289 1271 2353 la-

218 2376 332 2444 tinum
366 2373 447 2441 fecit
475 2373 596 2437 Cicero
617 2375 652 2436 iu
679 2372 829 2441 Oratore
851 2396 878 2437 c.
892 2381 941 2442 ιδ.

286 2461 454 2528 Codicum
474 2462 555 2526 Mas.
578 2460 743 2525 isocratis
767 2481 907 2524 corisum
926 2463 995 2546 egit
1020 2460 1199 2526 Harlesius
1221 2457 1267 2526 ad

217 2542 349 2621 fabric.
369 2547 413 2611 Τ·
423 2544 464 2612 ll.
477 2569 508 2634 p.
523 2567 681 2648 792⁸qq·;
704 2545 913 2612 Editionnm
928 2550 1102 2634 Angerius
1115 2554 1151 2612 in
1165 2571 1269 2636 prae-

216 2635 277 2707 fat.
297 2653 377 2698 suae
393 2633 473 2697 edit
489 2672 525 2685 -
549 2630 720 2709 Omnium
740 2634 936 2697 orationum
970 2635 1131 2721 princeps
1161 2636 1266 2699 editio

216 2731 270 2788 est
302 2718 596 2796 Mediolonenais,
629 2728 769 2783 curante
810 2718 993 2785 Demetrio
1029 2720 1267 2808 Chatoondylo

219 2804 382 2894 2493.f01.
409 2805 579 2868 Successit
593 2805 728 2871 Aldina
746 2804 898 2872 Venetiis
916 2806 996 2871 1513
1014 2817 1048 2869 et
1066 2806 1158 2869 1554.
1177 2828 1264 2892 quae

154 2912 156 2917 '
214 2894 290 2962 inse
315 2892 468 2957 nentium
489 2890 617 2956 fundus
638 2889 792 2956 habetur.
815 2891 909 2955 Tum
927 2890 1128 2978 Wolfionue
1150 2892 1264 2979 plures

217 2979 261 3046 ab
325 2982 433 3046 ieron.
461 2974 609 3067 Wolfio,
640 2980 699 3065 qui
729 2975 778 3041 bis
808 2977 912 3042 latine
938 2979 1039 3041 vertit
1066 2975 1263 3059 Isocratem,

213 3064 253 3136 iu
265 3064 316 3130 his
333 3065 460 3215 optima
480 3085 565 3151 qnae
586 3065 712 3150 prodiit
728 3064 888 3128 Genevae
911 3066 1001 3128 160⁴.
1014 3067 1045 3129 8.
1060 3085 1176 3129 recum
1195 3063 1264 3130 ibi.

215 3152 294 3219 dem
316 3156 353 3219 16
381 3153 451 3218 ult.
465 3190 500 3200 -
515 3150 566 3215 H.
587 3149 649 3214 Sta
673 3149 760 3215 tati
776 3172 854 3213 cum
869 3147 993 3212 Wotfii
1008 3153 1263 3236 interpretatio-

213 3258 259 3307 ue
273 3238 395 3316 latina,
420 3236 555 3308 Parisiis
572 3246 632 3324 ¹⁵9
654 3234 786 3300 .fol.-
802 3235 897 3301 (tuit.
919 3236 1057 3301 Bottiei
1075 3257 1153 3300 cum
1173 3259 1263 3303 nora

212 3344 301 3393 vers.
317 3326 375 3390 lat.
398 3333 434 3387 et
456 3322 565 3395 uotis,
587 3322 741 3387 Londini
759 3321 1104 3410 17i9.tt.v011.8..-
1127 3324 1261 3389 Athon.

213 3413 273 3483 Au
301 3414 371 3477 urii
383 3430 425 3496 gr
446 3419 479 3473 et
494 3410 551 3474 lat.
565 3430 642 3471 rum
663 3429 732 3473 var.
751 3408 846 3472 Lect.
869 3419 902 3472 et
923 3408 1023 3483 notis,
1046 3407 1141 3472 Paris
1167 3416 1259 3493 1762.

212 3497 271 3567 lll.
322 3496 380 3563 oll.
402 3498 432 3561 lt.
457 3506 490 3560 et
506 3497 536 3558 8.
560 3495 724 3560 Eiusdem
747 3494 899 3582 Augurii
916 3503 1026 3559 versio
1046 3496 1163 3581 gallice
1183 3497 1257 3559 lso-

211 3591 315 3652 cratis
338 3578 450 3647 Oratt.
476 3580 603 3668 prodiit
631 3580 769 3646 Parisiis
793 3582 884 3669 '7⁸¹‘
902 3580 961 3645 lll.
976 3582 1067 3644 Voll.
1079 3584 1110 3646 8.
1127 3621 1167 3633 -
1190 3581 1258 3645 Sed

212 3672 369 3736 omnium
392 3670 541 3734 maxime
559 3670 863 3745 commendantur,
891 3690 972 3751 quas
997 3671 1037 3730 ad
1060 3669 1157 3731 codd.
1176 3690 1259 3735 mss.

116 3796 119 3803 .
210 3753 316 3825 fldem
331 3765 487 3820 accurate
503 3774 680 3840 expressas
699 3754 879 3838 vulgarunt
901 3755 994 3820 (tuit.
1013 3753 1089 3819 Lon
1117 3756 1173 3819 ius
1185 3754 1259 3816 Ha·

209 3842 366 3912 lae1803.
377 3843 408 3909 8.
429 3852 468 3905 et
519 3861 615 3903 raece
640 3841 855 3906 doctissimus
880 3839 994 3928 Coroy
1013 3838 1076 3904 in‘
1144 3840 1258 3922 ηνικῆς

211 3925 447 4016 Βιβλιοθήκης
470 3927 479 3951 ’
505 3946 585 3991 omo
604 3925 628 3991 l.
648 3938 681 3992 et
700 3927 741 3992 ll.
763 3946 840 3989 cum
861 3926 1135 3991 attitulationibus
1157 3949 1259 4008 gree-

211 4022 270 4083 cis.
294 4016 432 4082 Parisiis
458 4013 653 4096 1807.8.-
682 4013 894 4100 Nuperrime
928 4034 1068 4099 graecus
1099 4016 1257 4077 omnium

209 4101 326 4177 Oratt
355 4112 392 4170 et
411 4100 647 4193 Epistolerum
681 4109 862 4166 contextus
887 4100 1015 4189 prodiit
1044 4096 1180 4189 Lipsiae
1200 4120 1257 4189 ap.
