<?xml version="1.0" encoding="UTF-8"?>
<!DOCTYPE html PUBLIC "-//W3C//DTD XHTML 1.0 Transitional//EN"
    "http://www.w3.org/TR/xhtml1/DTD/xhtml1-transitional.dtd">
<html xmlns="http://www.w3.org/1999/xhtml" xml:lang="en" lang="en">
 <head>
  <title>
</title>
<meta http-equiv="Content-Type" content="text/html;charset=utf-8" />
  <meta name='ocr-system' content='tesseract 3.04.00' />
  <meta name='ocr-capabilities' content='ocr_page ocr_carea ocr_par ocr_line ocrx_word'/>
</head>
<body>
  <div class='ocr_page' id='page_1' title='image "./initiahistoriae00grodgoog_0148.png"; bbox 0 0 2942 4875; ppageno 0'>
   <div class='ocr_carea' id='block_1_1' title="bbox 280 499 1171 570">
    <p class='ocr_par' dir='ltr' id='par_1_1' title="bbox 280 499 1171 570">
     <span class='ocr_line' id='line_1_1' title="bbox 280 499 1171 570; baseline -0.004 0"><span class='ocrx_word' id='word_1_1' title='bbox 280 500 341 570; x_wconf 77' lang='lat'><strong>138</strong></span> <span class='ocrx_word' id='word_1_2' title='bbox 434 499 1171 567; x_wconf 73' lang='lat' dir='ltr'><strong>Aassroxsnvs&#39;rauaaasva</strong></span> 
     </span>
    </p>
   </div>
   <div class='ocr_carea' id='block_1_2' title="bbox 169 671 1391 4235">
    <p class='ocr_par' dir='ltr' id='par_1_2' title="bbox 169 671 1391 4235">
     <span class='ocr_line' id='line_1_2' title="bbox 281 671 1321 763; baseline 0.001 -24"><span class='ocrx_word' id='word_1_3' title='bbox 281 672 416 739; x_wconf 81' lang='lat' dir='ltr'><strong>Critiae</strong></span> <span class='ocrx_word' id='word_1_4' title='bbox 441 672 544 738; x_wconf 84' lang='lat' dir='ltr'><strong>Novo</strong></span> <span class='ocrx_word' id='word_1_5' title='bbox 565 695 649 739; x_wconf 85' lang='lat' dir='ltr'><strong>cura</strong></span> <span class='ocrx_word' id='word_1_6' title='bbox 675 674 719 740; x_wconf 78' lang='lat' dir='ltr'><strong>G.</strong></span> <span class='ocrx_word' id='word_1_7' title='bbox 744 674 797 738; x_wconf 88' lang='lat' dir='ltr'><strong>H.</strong></span> <span class='ocrx_word' id='word_1_8' title='bbox 820 671 1004 762; x_wconf 79' lang='lat' dir='ltr'><strong>Schaafari</strong></span> <span class='ocrx_word' id='word_1_9' title='bbox 1026 673 1167 763; x_wconf 75' lang='lat' dir='ltr'><strong>Lipsiae</strong></span> <span class='ocrx_word' id='word_1_10' title='bbox 1184 673 1268 760; x_wconf 80' lang='lat'>1817.</span> <span class='ocrx_word' id='word_1_11' title='bbox 1290 683 1321 740; x_wconf 89' lang='grc'><strong>8.</strong></span> 
     </span>
     <span class='ocr_line' id='line_1_3' title="bbox 278 758 1318 850; baseline 0.001 -28"><span class='ocrx_word' id='word_1_12' title='bbox 278 780 357 850; x_wconf 77' lang='lat' dir='ltr'><strong>pag.</strong></span> <span class='ocrx_word' id='word_1_13' title='bbox 378 780 489 847; x_wconf 82' lang='lat'>1-172.</span> <span class='ocrx_word' id='word_1_14' title='bbox 522 760 682 838; x_wconf 75' lang='lat' dir='ltr'>Tarenti,</span> <span class='ocrx_word' id='word_1_15' title='bbox 716 758 926 825; x_wconf 84' lang='lat' dir='ltr'><strong>nobilissima</strong></span> <span class='ocrx_word' id='word_1_16' title='bbox 945 759 1060 826; x_wconf 85' lang='lat' dir='ltr'><strong>ltaliae</strong></span> <span class='ocrx_word' id='word_1_17' title='bbox 1084 761 1187 839; x_wconf 87' lang='lat' dir='ltr'><strong>urbe,</strong></span> <span class='ocrx_word' id='word_1_18' title='bbox 1213 771 1318 840; x_wconf 87' lang='lat' dir='ltr'><strong>natus,</strong></span> 
     </span>
     <span class='ocr_line' id='line_1_4' title="bbox 278 846 1318 936; baseline -0.003 -25"><span class='ocrx_word' id='word_1_19' title='bbox 278 854 393 936; x_wconf 89' lang='lat' dir='ltr'><strong>primo</strong></span> <span class='ocrx_word' id='word_1_20' title='bbox 409 847 512 931; x_wconf 83' lang='lat' dir='ltr'><strong>patris</strong></span> <span class='ocrx_word' id='word_1_21' title='bbox 533 847 724 931; x_wconf 80' lang='lat' dir='ltr'><strong>Spintheri,</strong></span> <span class='ocrx_word' id='word_1_22' title='bbox 747 857 820 910; x_wconf 89' lang='lat' dir='ltr'><strong>tum</strong></span> <span class='ocrx_word' id='word_1_23' title='bbox 841 847 988 934; x_wconf 87' lang='lat' dir='ltr'><strong>Lampri</strong></span> <span class='ocrx_word' id='word_1_24' title='bbox 1007 846 1056 910; x_wconf 79' lang='lat' dir='ltr'><strong>Er</strong></span> <span class='ocrx_word' id='word_1_25' title='bbox 1071 846 1207 924; x_wconf 74' lang='lat' dir='ltr'><strong>thesei,</strong></span> <span class='ocrx_word' id='word_1_26' title='bbox 1228 847 1318 910; x_wconf 85' lang='lat' dir='ltr'><strong>dein-</strong></span> 
     </span>
     <span class='ocr_line' id='line_1_5' title="bbox 277 869 1320 1020; baseline -0.001 -23"><span class='ocrx_word' id='word_1_27' title='bbox 277 937 320 998; x_wconf 93' lang='lat' dir='ltr'><strong>de</strong></span> <span class='ocrx_word' id='word_1_28' title='bbox 330 932 520 1019; x_wconf 87' lang='lat' dir='ltr'><strong>Xenophili</strong></span> <span class='ocrx_word' id='word_1_29' title='bbox 536 933 788 1010; x_wconf 78' lang='lat' dir='ltr'><strong>Chalcidensis,</strong></span> <span class='ocrx_word' id='word_1_30' title='bbox 808 933 1016 1018; x_wconf 65' lang='lat' dir='ltr'><strong>Pythagorei</strong></span> <span class='ocrx_word' id='word_1_31' title='bbox 1031 869 1244 1020; x_wconf 82' lang='lat' dir='ltr'><strong>philosophi,</strong></span> <span class='ocrx_word' id='word_1_32' title='bbox 1263 934 1320 996; x_wconf 89' lang='lat' dir='ltr'><strong>de·</strong></span> 
     </span>
     <span class='ocr_line' id='line_1_6' title="bbox 277 1020 1391 1108; baseline -0.004 -23"><span class='ocrx_word' id='word_1_33' title='bbox 277 1027 381 1108; x_wconf 88' lang='lat' dir='ltr'><strong>nique</strong></span> <span class='ocrx_word' id='word_1_34' title='bbox 401 1021 616 1096; x_wconf 85' lang='lat' dir='ltr'><strong>Aristotelis,</strong></span> <span class='ocrx_word' id='word_1_35' title='bbox 640 1023 695 1084; x_wconf 91' lang='lat' dir='ltr'><strong>cui</strong></span> <span class='ocrx_word' id='word_1_36' title='bbox 716 1032 826 1085; x_wconf 94' lang='lat' dir='ltr'><strong>totum</strong></span> <span class='ocrx_word' id='word_1_37' title='bbox 844 1042 880 1084; x_wconf 84' lang='lat' dir='ltr'><strong>aa</strong></span> <span class='ocrx_word' id='word_1_38' title='bbox 899 1021 1054 1097; x_wconf 77' lang='lat' dir='ltr'>dederat,</span> <span class='ocrx_word' id='word_1_39' title='bbox 1077 1043 1156 1084; x_wconf 76' lang='lat' dir='ltr'><strong>usus</strong></span> <span class='ocrx_word' id='word_1_40' title='bbox 1174 1020 1324 1107; x_wconf 86' lang='lat' dir='ltr'><strong>discipli·</strong></span> <span class='ocrx_word' id='word_1_41' title='bbox 1381 1041 1391 1055; x_wconf 90' lang='grc'><em>·</em></span> 
     </span>
     <span class='ocr_line' id='line_1_7' title="bbox 195 1104 1329 1194; baseline -0.002 -23"><span class='ocrx_word' id='word_1_42' title='bbox 195 1143 200 1156; x_wconf 63' lang='lat'><em>1</em></span> <span class='ocrx_word' id='word_1_43' title='bbox 278 1129 340 1185; x_wconf 88' lang='lat' dir='ltr'><strong>ua,</strong></span> <span class='ocrx_word' id='word_1_44' title='bbox 371 1117 449 1194; x_wconf 88' lang='lat' dir='ltr'><strong>post</strong></span> <span class='ocrx_word' id='word_1_45' title='bbox 466 1109 568 1172; x_wconf 86' lang='lat' dir='ltr'><strong>huius</strong></span> <span class='ocrx_word' id='word_1_46' title='bbox 590 1106 735 1170; x_wconf 85' lang='lat' dir='ltr'><strong>fortasse</strong></span> <span class='ocrx_word' id='word_1_47' title='bbox 757 1104 886 1170; x_wconf 87' lang='lat' dir='ltr'><strong>obitum</strong></span> <span class='ocrx_word' id='word_1_48' title='bbox 906 1109 1100 1171; x_wconf 79' lang='lat' dir='ltr'>Mantineae</span> <span class='ocrx_word' id='word_1_49' title='bbox 1121 1109 1157 1169; x_wconf 90' lang='lat' dir='ltr'><strong>iu</strong></span> <span class='ocrx_word' id='word_1_50' title='bbox 1180 1107 1329 1170; x_wconf 71' lang='lat' dir='ltr'><strong>Arcadia</strong></span> 
     </span>
     <span class='ocr_line' id='line_1_8' title="bbox 278 1190 1330 1279; baseline -0.003 -21"><span class='ocrx_word' id='word_1_51' title='bbox 278 1204 422 1262; x_wconf 85' lang='lat' dir='ltr'><strong>aetatem</strong></span> <span class='ocrx_word' id='word_1_52' title='bbox 442 1194 573 1279; x_wconf 80' lang='lat' dir='ltr'><strong>degisse</strong></span> <span class='ocrx_word' id='word_1_53' title='bbox 596 1197 721 1257; x_wconf 74' lang='lat' dir='ltr'><strong>dicitur</strong></span> <span class='ocrx_word' id='word_1_54' title='bbox 745 1192 868 1258; x_wconf 87' lang='lat' dir='ltr'><strong>Suidae</strong></span> <span class='ocrx_word' id='word_1_55' title='bbox 890 1216 970 1257; x_wconf 87' lang='lat' dir='ltr'><strong>voce</strong></span> <span class='ocrx_word' id='word_1_56' title='bbox 988 1190 1023 1259; x_wconf 84' lang='lat' dir='ltr'><strong>&#39;A</strong></span> <span class='ocrx_word' id='word_1_57' title='bbox 1043 1192 1221 1274; x_wconf 73' lang='grc' dir='ltr'><strong>ιστόξενος.</strong></span> <span class='ocrx_word' id='word_1_58' title='bbox 1256 1194 1330 1256; x_wconf 85' lang='lat' dir='ltr'><strong>Eo·</strong></span> 
     </span>
     <span class='ocr_line' id='line_1_9' title="bbox 279 1219 1326 1367; baseline -0.003 -22"><span class='ocrx_word' id='word_1_59' title='bbox 279 1280 359 1345; x_wconf 89' lang='lat' dir='ltr'><strong>dem</strong></span> <span class='ocrx_word' id='word_1_60' title='bbox 378 1291 517 1344; x_wconf 88' lang='lat' dir='ltr'><strong>auctore</strong></span> <span class='ocrx_word' id='word_1_61' title='bbox 534 1281 669 1367; x_wconf 78' lang='lat' dir='ltr'><strong>scripsit</strong></span> <span class='ocrx_word' id='word_1_62' title='bbox 687 1280 833 1358; x_wconf 82' lang='lat' dir='ltr'><strong>Musica,</strong></span> <span class='ocrx_word' id='word_1_63' title='bbox 858 1219 1121 1367; x_wconf 74' lang='lat' dir='ltr'><strong>Philosophics,</strong></span> <span class='ocrx_word' id='word_1_64' title='bbox 1145 1281 1326 1360; x_wconf 84' lang='lat' dir='ltr'><strong>Historias,</strong></span> 
     </span>
     <span class='ocr_line' id='line_1_10' title="bbox 221 1364 1327 1453; baseline -0.003 -21"><span class='ocrx_word' id='word_1_65' title='bbox 221 1369 232 1380; x_wconf 80' lang='grc'><strong>“</strong></span> <span class='ocrx_word' id='word_1_66' title='bbox 279 1378 314 1432; x_wconf 85' lang='lat' dir='ltr'><strong>st</strong></span> <span class='ocrx_word' id='word_1_67' title='bbox 339 1370 541 1453; x_wconf 80' lang='lat' dir='ltr'><strong>omnigenae</strong></span> <span class='ocrx_word' id='word_1_68' title='bbox 563 1367 764 1432; x_wconf 87' lang='lat' dir='ltr'><strong>eruditionis</strong></span> <span class='ocrx_word' id='word_1_69' title='bbox 791 1368 918 1446; x_wconf 89' lang='lat' dir='ltr'><strong>libros,</strong></span> <span class='ocrx_word' id='word_1_70' title='bbox 952 1387 1096 1431; x_wconf 88' lang='lat' dir='ltr'><strong>numero</strong></span> <span class='ocrx_word' id='word_1_71' title='bbox 1113 1364 1327 1431; x_wconf 86' lang='lat' dir='ltr'><strong>CCCCLlll.</strong></span> 
     </span>
     <span class='ocr_line' id='line_1_11' title="bbox 278 1454 1326 1538; baseline -0.005 -17"><span class='ocrx_word' id='word_1_72' title='bbox 278 1454 336 1520; x_wconf 83' lang='lat' dir='ltr'><strong>Ex</strong></span> <span class='ocrx_word' id='word_1_73' title='bbox 361 1454 426 1518; x_wconf 91' lang='lat' dir='ltr'><strong>hoc</strong></span> <span class='ocrx_word' id='word_1_74' title='bbox 448 1464 541 1518; x_wconf 91' lang='lat' dir='ltr'><strong>tanto</strong></span> <span class='ocrx_word' id='word_1_75' title='bbox 563 1476 710 1518; x_wconf 87' lang='lat' dir='ltr'><strong>numero</strong></span> <span class='ocrx_word' id='word_1_76' title='bbox 733 1465 847 1518; x_wconf 87' lang='lat' dir='ltr'><strong>tamen</strong></span> <span class='ocrx_word' id='word_1_77' title='bbox 874 1454 1007 1518; x_wconf 88' lang='lat' dir='ltr'><strong>nullum</strong></span> <span class='ocrx_word' id='word_1_78' title='bbox 1032 1455 1131 1522; x_wconf 82' lang='lat' dir='ltr'><strong>nobis</strong></span> <span class='ocrx_word' id='word_1_79' title='bbox 1155 1460 1326 1538; x_wconf 80' lang='lat' dir='ltr'><strong>integrum</strong></span> 
     </span>
     <span class='ocr_line' id='line_1_12' title="bbox 277 1541 1327 1630; baseline 0.001 -27"><span class='ocrx_word' id='word_1_80' title='bbox 277 1563 366 1630; x_wconf 91' lang='lat' dir='ltr'><strong>opus</strong></span> <span class='ocrx_word' id='word_1_81' title='bbox 385 1543 457 1604; x_wconf 87' lang='lat' dir='ltr'><strong>eins</strong></span> <span class='ocrx_word' id='word_1_82' title='bbox 477 1551 650 1607; x_wconf 83' lang='lat' dir='ltr'><strong>servatum</strong></span> <span class='ocrx_word' id='word_1_83' title='bbox 669 1551 732 1617; x_wconf 88' lang='lat' dir='ltr'><strong>est,</strong></span> <span class='ocrx_word' id='word_1_84' title='bbox 758 1553 973 1627; x_wconf 70' lang='lat' dir='ltr'><strong>praeterires</strong></span> <span class='ocrx_word' id='word_1_85' title='bbox 990 1541 1327 1624; x_wconf 75' lang='lat' dir='ltr'><strong>libroadeHdrmo-</strong></span> 
     </span>
     <span class='ocr_line' id='line_1_13' title="bbox 276 1626 1328 1728; baseline -0.007 -33"><span class='ocrx_word' id='word_1_86' title='bbox 276 1629 367 1695; x_wconf 79' lang='lat' dir='ltr'><strong>nicia</strong></span> <span class='ocrx_word' id='word_1_87' title='bbox 375 1627 581 1705; x_wconf 78' lang='lat' dir='ltr'><strong>Elementis,</strong></span> <span class='ocrx_word' id='word_1_88' title='bbox 604 1630 646 1693; x_wconf 87' lang='lat' dir='ltr'><strong>de</strong></span> <span class='ocrx_word' id='word_1_89' title='bbox 658 1631 781 1713; x_wconf 86' lang='lat' dir='ltr'><strong>quibus</strong></span> <span class='ocrx_word' id='word_1_90' title='bbox 793 1627 883 1692; x_wconf 82' lang='lat' dir='ltr'><strong>infra</strong></span> <span class='ocrx_word' id='word_1_91' title='bbox 898 1626 1034 1692; x_wconf 88' lang='lat' dir='ltr'><strong>dicendi</strong></span> <span class='ocrx_word' id='word_1_92' title='bbox 1046 1627 1142 1728; x_wconf 69' lang='lat' dir='ltr'><strong>lpcus</strong></span> <span class='ocrx_word' id='word_1_93' title='bbox 1154 1629 1228 1690; x_wconf 88' lang='lat' dir='ltr'><strong>erit.</strong></span> <span class='ocrx_word' id='word_1_94' title='bbox 1253 1628 1328 1690; x_wconf 89' lang='lat' dir='ltr'><strong>De·</strong></span> 
     </span>
     <span class='ocr_line' id='line_1_14' title="bbox 276 1714 1326 1802; baseline -0.003 -23"><span class='ocrx_word' id='word_1_95' title='bbox 276 1714 491 1802; x_wconf 89' lang='lat' dir='ltr'><strong>perditorum</strong></span> <span class='ocrx_word' id='word_1_96' title='bbox 512 1715 614 1778; x_wconf 81' lang='lat' dir='ltr'><strong>etism</strong></span> <span class='ocrx_word' id='word_1_97' title='bbox 638 1715 776 1779; x_wconf 89' lang='lat' dir='ltr'><strong>nonnisi</strong></span> <span class='ocrx_word' id='word_1_98' title='bbox 793 1715 865 1779; x_wconf 84' lang='lat' dir='ltr'><strong>tria</strong></span> <span class='ocrx_word' id='word_1_99' title='bbox 882 1726 916 1777; x_wconf 88' lang='lat' dir='ltr'><strong>et</strong></span> <span class='ocrx_word' id='word_1_100' title='bbox 943 1717 1072 1801; x_wconf 72' lang='lat' dir='ltr'><strong>viginti</strong></span> <span class='ocrx_word' id='word_1_101' title='bbox 1094 1714 1232 1778; x_wconf 87' lang='lat' dir='ltr'><strong>uomina</strong></span> <span class='ocrx_word' id='word_1_102' title='bbox 1254 1715 1326 1776; x_wconf 83' lang='lat' dir='ltr'><strong>sive</strong></span> 
     </span>
     <span class='ocr_line' id='line_1_15' title="bbox 257 1798 1326 1887; baseline -0.003 -22"><span class='ocrx_word' id='word_1_103' title='bbox 257 1802 397 1865; x_wconf 71' lang='lat' dir='ltr'><strong>‘titulos</strong></span> <span class='ocrx_word' id='word_1_104' title='bbox 418 1825 437 1864; x_wconf 90' lang='lat' dir='ltr'><strong>a</strong></span> <span class='ocrx_word' id='word_1_105' title='bbox 458 1802 628 1865; x_wconf 86' lang='lat' dir='ltr'><strong>veteribus</strong></span> <span class='ocrx_word' id='word_1_106' title='bbox 680 1801 810 1864; x_wconf 84' lang='lat' dir='ltr'><strong>roditos</strong></span> <span class='ocrx_word' id='word_1_107' title='bbox 835 1802 1042 1887; x_wconf 81' lang='lat' dir='ltr'><strong>investigare</strong></span> <span class='ocrx_word' id='word_1_108' title='bbox 1064 1810 1222 1887; x_wconf 87' lang='lat' dir='ltr'><strong>poterant</strong></span> <span class='ocrx_word' id='word_1_109' title='bbox 1242 1798 1326 1864; x_wconf 88' lang='lat' dir='ltr'><strong>Ion-</strong></span> 
     </span>
     <span class='ocr_line' id='line_1_16' title="bbox 275 1883 1325 1974; baseline -0.004 -22"><span class='ocrx_word' id='word_1_110' title='bbox 275 1890 364 1962; x_wconf 88' lang='lat' dir='ltr'><strong>sius,</strong></span> <span class='ocrx_word' id='word_1_111' title='bbox 388 1888 560 1952; x_wconf 86' lang='lat' dir='ltr'><strong>Meursius</strong></span> <span class='ocrx_word' id='word_1_112' title='bbox 577 1897 610 1949; x_wconf 87' lang='lat' dir='ltr'><strong>et</strong></span> <span class='ocrx_word' id='word_1_113' title='bbox 667 1890 822 1974; x_wconf 82' lang='lat' dir='ltr'><strong>snagins.</strong></span> <span class='ocrx_word' id='word_1_114' title='bbox 858 1887 1017 1966; x_wconf 85' lang='lat' dir='ltr'><strong>Quorum</strong></span> <span class='ocrx_word' id='word_1_115' title='bbox 1039 1887 1206 1965; x_wconf 86' lang='lat' dir='ltr'><strong>indicem,</strong></span> <span class='ocrx_word' id='word_1_116' title='bbox 1229 1883 1325 1950; x_wconf 86' lang='lat' dir='ltr'><strong>aFa·</strong></span> 
     </span>
     <span class='ocr_line' id='line_1_17' title="bbox 260 1971 1324 2073; baseline 0.001 -35"><span class='ocrx_word' id='word_1_117' title='bbox 260 1971 385 2039; x_wconf 63' lang='lat' dir='ltr'><strong>,bricio</strong></span> <span class='ocrx_word' id='word_1_118' title='bbox 405 1975 442 2037; x_wconf 83' lang='grc' dir='ltr'><strong>Β.</strong></span> <span class='ocrx_word' id='word_1_119' title='bbox 455 1972 499 2039; x_wconf 87' lang='lat' dir='ltr'><strong>G.</strong></span> <span class='ocrx_word' id='word_1_120' title='bbox 518 1971 633 2042; x_wconf 84' lang='lat' dir='ltr'>T.111.</span> <span class='ocrx_word' id='word_1_121' title='bbox 658 1997 691 2062; x_wconf 89' lang='lat' dir='ltr'><strong>p.</strong></span> <span class='ocrx_word' id='word_1_122' title='bbox 703 1974 848 2073; x_wconf 65' lang='lat' dir='ltr'><strong>fflpsqq·</strong></span> <span class='ocrx_word' id='word_1_123' title='bbox 872 1974 1008 2038; x_wconf 84' lang='lat' dir='ltr'><strong>Harles.</strong></span> <span class='ocrx_word' id='word_1_124' title='bbox 1035 1974 1245 2050; x_wconf 81' lang='lat' dir='ltr'><strong>exhibitum,</strong></span> <span class='ocrx_word' id='word_1_125' title='bbox 1283 1974 1324 2039; x_wconf 90' lang='lat' dir='ltr'><strong>in</strong></span> 
     </span>
     <span class='ocr_line' id='line_1_18' title="bbox 277 2060 1325 2146; baseline -0.001 -21"><span class='ocrx_word' id='word_1_126' title='bbox 277 2060 459 2125; x_wconf 88' lang='lat' dir='ltr'><strong>meliorem</strong></span> <span class='ocrx_word' id='word_1_127' title='bbox 475 2060 632 2124; x_wconf 77' lang='lat' dir='ltr'><strong>ordinem</strong></span> <span class='ocrx_word' id='word_1_128' title='bbox 647 2061 788 2146; x_wconf 76' lang='lat' dir='ltr'><strong>redegit,</strong></span> <span class='ocrx_word' id='word_1_129' title='bbox 806 2061 986 2144; x_wconf 84' lang='lat' dir='ltr'><strong>diligenter</strong></span> <span class='ocrx_word' id='word_1_130' title='bbox 996 2060 1143 2124; x_wconf 87' lang='lat' dir='ltr'><strong>collectis</strong></span> <span class='ocrx_word' id='word_1_131' title='bbox 1150 2109 1159 2140; x_wconf 94' lang='lat'><strong>,</strong></span> <span class='ocrx_word' id='word_1_132' title='bbox 1182 2071 1217 2123; x_wconf 85' lang='lat' dir='ltr'><strong>et</strong></span> <span class='ocrx_word' id='word_1_133' title='bbox 1227 2061 1325 2124; x_wconf 84' lang='lat' dir='ltr'><strong>docte</strong></span> 
     </span>
     <span class='ocr_line' id='line_1_19' title="bbox 279 2145 1324 2234; baseline -0.002 -23"><span class='ocrx_word' id='word_1_134' title='bbox 279 2146 469 2233; x_wconf 80' lang='lat' dir='ltr'><strong>explicitis,</strong></span> <span class='ocrx_word' id='word_1_135' title='bbox 493 2166 580 2232; x_wconf 84' lang='lat' dir='ltr'><strong>quae</strong></span> <span class='ocrx_word' id='word_1_136' title='bbox 599 2158 800 2234; x_wconf 78' lang='lat' dir='ltr'><strong>supersunt,</strong></span> <span class='ocrx_word' id='word_1_137' title='bbox 822 2145 1052 2230; x_wconf 84' lang='lat' dir='ltr'><strong>Fragmentis,</strong></span> <span class='ocrx_word' id='word_1_138' title='bbox 1075 2146 1324 2212; x_wconf 60' lang='lat' dir='ltr'><strong>Mammula.</strong></span> 
     </span>
     <span class='ocr_line' id='line_1_20' title="bbox 276 2230 1323 2384; baseline -0.003 -87"><span class='ocrx_word' id='word_1_139' title='bbox 276 2256 312 2384; x_wconf 68' lang='lat' dir='ltr'><strong>p.</strong></span> <span class='ocrx_word' id='word_1_140' title='bbox 329 2235 445 2320; x_wconf 67' lang='lat' dir='ltr'><strong>rtisqq.</strong></span> <span class='ocrx_word' id='word_1_141' title='bbox 470 2230 603 2297; x_wconf 81' lang='lat' dir='ltr'><strong>Schaef.</strong></span> <span class='ocrx_word' id='word_1_142' title='bbox 626 2232 665 2297; x_wconf 91' lang='lat' dir='ltr'><strong>ln</strong></span> <span class='ocrx_word' id='word_1_143' title='bbox 689 2231 739 2298; x_wconf 89' lang='lat' dir='ltr'><strong>his</strong></span> <span class='ocrx_word' id='word_1_144' title='bbox 764 2236 946 2322; x_wconf 80' lang='lat' dir='ltr'><strong>praecipue</strong></span> <span class='ocrx_word' id='word_1_145' title='bbox 969 2234 1113 2297; x_wconf 88' lang='lat' dir='ltr'><strong>dolenda</strong></span> <span class='ocrx_word' id='word_1_146' title='bbox 1132 2236 1259 2297; x_wconf 88' lang='lat' dir='ltr'><strong>iactura</strong></span> <span class='ocrx_word' id='word_1_147' title='bbox 1279 2233 1323 2297; x_wconf 86' lang='lat' dir='ltr'><strong>li-</strong></span> 
     </span>
     <span class='ocr_line' id='line_1_21' title="bbox 301 2319 1326 2398; baseline 0 -14"><span class='ocrx_word' id='word_1_148' title='bbox 301 2342 420 2384; x_wconf 89' lang='lat' dir='ltr'><strong>rorum</strong></span> <span class='ocrx_word' id='word_1_149' title='bbox 443 2320 485 2382; x_wconf 89' lang='lat' dir='ltr'><strong>de</strong></span> <span class='ocrx_word' id='word_1_150' title='bbox 515 2319 612 2384; x_wconf 82' lang='lat' dir='ltr'><strong>Vitia</strong></span> <span class='ocrx_word' id='word_1_151' title='bbox 634 2321 791 2385; x_wconf 78' lang='lat' dir='ltr'><strong>virorum</strong></span> <span class='ocrx_word' id='word_1_152' title='bbox 820 2322 982 2386; x_wconf 83' lang='lat' dir='ltr'><strong>doctrina</strong></span> <span class='ocrx_word' id='word_1_153' title='bbox 1007 2321 1215 2398; x_wconf 82' lang='lat' dir='ltr'><strong>illustrium,</strong></span> <span class='ocrx_word' id='word_1_154' title='bbox 1245 2320 1326 2386; x_wconf 75' lang='lat' dir='ltr'><strong>Brea</strong></span> 
     </span>
     <span class='ocr_line' id='line_1_22' title="bbox 271 2404 1325 2497; baseline -0.001 -26"><span class='ocrx_word' id='word_1_155' title='bbox 271 2404 431 2497; x_wconf 75' lang='grc' dir='ltr'><strong><em>Ἀνδρῶν,</em></strong></span> <span class='ocrx_word' id='word_1_156' title='bbox 459 2405 696 2495; x_wconf 71' lang='lat' dir='ltr'><strong>Pathogorae,</strong></span> <span class='ocrx_word' id='word_1_157' title='bbox 719 2408 915 2483; x_wconf 71' lang='lat' dir='ltr'><strong>Archetna,</strong></span> <span class='ocrx_word' id='word_1_158' title='bbox 946 2406 1122 2484; x_wconf 81' lang='lat' dir='ltr'><strong>Socratis,</strong></span> <span class='ocrx_word' id='word_1_159' title='bbox 1157 2409 1325 2483; x_wconf 76' lang='lat' dir='ltr'><strong>l&#39;elestoe,</strong></span> 
     </span>
     <span class='ocr_line' id='line_1_23' title="bbox 275 2478 1323 2580; baseline -0.005 -20"><span class='ocrx_word' id='word_1_160' title='bbox 275 2493 589 2580; x_wconf 82' lang='lat' dir='ltr'><strong>Dithyramborum</strong></span> <span class='ocrx_word' id='word_1_161' title='bbox 637 2495 750 2569; x_wconf 77' lang='lat' dir='ltr'><strong>oiitae,</strong></span> <span class='ocrx_word' id='word_1_162' title='bbox 778 2478 951 2572; x_wconf 66' lang='lat' dir='ltr'><strong>Philonis,</strong></span> <span class='ocrx_word' id='word_1_163' title='bbox 975 2494 1140 2575; x_wconf 78' lang='lat' dir='ltr'><strong>aliarum3</strong></span> <span class='ocrx_word' id='word_1_164' title='bbox 1170 2494 1323 2579; x_wconf 86' lang='lat' dir='ltr'><strong>(v.Plut.</strong></span> 
     </span>
     <span class='ocr_line' id='line_1_24' title="bbox 275 2517 1325 2669; baseline -0.007 -22"><span class='ocrx_word' id='word_1_165' title='bbox 275 2578 367 2667; x_wconf 88' lang='lat' dir='ltr'><strong>Opp.</strong></span> <span class='ocrx_word' id='word_1_166' title='bbox 385 2580 429 2645; x_wconf 85' lang='grc' dir='ltr'><strong>Τ.</strong></span> <span class='ocrx_word' id='word_1_167' title='bbox 442 2579 483 2644; x_wconf 92' lang='grc' dir='ltr'><strong>ΙΙ.</strong></span> <span class='ocrx_word' id='word_1_168' title='bbox 531 2626 538 2640; x_wconf 92' lang='grc'><strong>.</strong></span> <span class='ocrx_word' id='word_1_169' title='bbox 556 2517 647 2669; x_wconf 63' lang='lat' dir='ltr'><strong>soph.</strong></span> <span class='ocrx_word' id='word_1_170' title='bbox 669 2580 877 2667; x_wconf 88' lang='lat' dir='ltr'><strong>Hieronym.</strong></span> <span class='ocrx_word' id='word_1_171' title='bbox 898 2580 1036 2667; x_wconf 72' lang='lat' dir='ltr'><strong>praelat</strong></span> <span class='ocrx_word' id='word_1_172' title='bbox 1050 2583 1075 2646; x_wconf 91' lang='lat' dir='ltr'><strong>l.</strong></span> <span class='ocrx_word' id='word_1_173' title='bbox 1099 2581 1141 2644; x_wconf 92' lang='lat' dir='ltr'><strong>de</strong></span> <span class='ocrx_word' id='word_1_174' title='bbox 1157 2582 1241 2642; x_wconf 73' lang='lat' dir='ltr'><strong>Hist.</strong></span> <span class='ocrx_word' id='word_1_175' title='bbox 1259 2582 1325 2642; x_wconf 75' lang='lat' dir='ltr'><strong>lir-</strong></span> 
     </span>
     <span class='ocr_line' id='line_1_25' title="bbox 275 2602 1325 2757; baseline 0.001 -27"><span class='ocrx_word' id='word_1_176' title='bbox 275 2669 389 2755; x_wconf 81' lang='lat' dir='ltr'><strong>cles.);</strong></span> <span class='ocrx_word' id='word_1_177' title='bbox 411 2676 486 2730; x_wconf 88' lang='lat' dir='ltr'><strong>tum</strong></span> <span class='ocrx_word' id='word_1_178' title='bbox 495 2602 619 2749; x_wconf 59' lang='lat' dir='ltr'><strong>Piper</strong></span> <span class='ocrx_word' id='word_1_179' title='bbox 637 2668 817 2734; x_wconf 75' lang='grc' dir='ltr'><strong><em>πολιτικῶν</em></strong></span> <span class='ocrx_word' id='word_1_180' title='bbox 832 2668 972 2757; x_wconf 77' lang='lat' dir='ltr'><strong>Legum</strong></span> <span class='ocrx_word' id='word_1_181' title='bbox 985 2668 1161 2745; x_wconf 77' lang='lat' dir='ltr'><strong>Civih&#39;um,</strong></span> <span class='ocrx_word' id='word_1_182' title='bbox 1202 2688 1325 2731; x_wconf 85' lang='lat' dir='ltr'><strong>uarum</strong></span> 
     </span>
     <span class='ocr_line' id='line_1_26' title="bbox 244 2691 1325 2843; baseline -0.004 -22"><span class='ocrx_word' id='word_1_183' title='bbox 244 2755 405 2833; x_wconf 79' lang='lat' dir='ltr'><strong>,libram</strong></span> <span class='ocrx_word' id='word_1_184' title='bbox 431 2765 592 2818; x_wconf 82' lang='lat' dir='ltr'><strong>octavum</strong></span> <span class='ocrx_word' id='word_1_185' title='bbox 622 2752 736 2817; x_wconf 88' lang='lat' dir='ltr'><strong>laudat</strong></span> <span class='ocrx_word' id='word_1_186' title='bbox 758 2756 956 2820; x_wconf 80' lang='lat' dir='ltr'><strong>Athenaeus</strong></span> <span class='ocrx_word' id='word_1_187' title='bbox 967 2752 1066 2820; x_wconf 89' lang='lat' dir='ltr'><strong>XIV.</strong></span> <span class='ocrx_word' id='word_1_188' title='bbox 1085 2778 1118 2843; x_wconf 89' lang='lat' dir='ltr'><strong>p.</strong></span> <span class='ocrx_word' id='word_1_189' title='bbox 1131 2691 1205 2819; x_wconf 73' lang='lat' dir='ltr'><strong>fili.</strong></span> <span class='ocrx_word' id='word_1_190' title='bbox 1226 2755 1267 2819; x_wconf 89' lang='lat' dir='ltr'><strong>D.</strong></span> <span class='ocrx_word' id='word_1_191' title='bbox 1290 2763 1325 2818; x_wconf 86' lang='lat' dir='ltr'><strong>et</strong></span> 
     </span>
     <span class='ocr_line' id='line_1_27' title="bbox 276 2840 1325 2930; baseline -0.006 -19"><span class='ocrx_word' id='word_1_192' title='bbox 276 2840 404 2926; x_wconf 79' lang='grc' dir='ltr'><strong><em>Νόμων</em></strong></span> <span class='ocrx_word' id='word_1_193' title='bbox 424 2840 646 2906; x_wconf 62' lang='lat' dir='ltr'><strong>numentana</strong></span> <span class='ocrx_word' id='word_1_194' title='bbox 672 2841 813 2930; x_wconf 76' lang='lat' dir='ltr'><strong>Legum</strong></span> <span class='ocrx_word' id='word_1_195' title='bbox 839 2843 890 2906; x_wconf 83' lang='lat' dir='ltr'><strong>od</strong></span> <span class='ocrx_word' id='word_1_196' title='bbox 908 2843 1166 2907; x_wconf 69' lang='lat' dir='ltr'><strong>institutionem</strong></span> <span class='ocrx_word' id='word_1_197' title='bbox 1186 2864 1325 2906; x_wconf 84' lang='lat' dir='ltr'><strong>accom-</strong></span> 
     </span>
     <span class='ocr_line' id='line_1_28' title="bbox 274 2927 1324 3015; baseline -0.005 -19"><span class='ocrx_word' id='word_1_198' title='bbox 274 2929 514 3003; x_wconf 83' lang='lat' dir='ltr'><strong>modatarum,</strong></span> <span class='ocrx_word' id='word_1_199' title='bbox 538 2946 719 3014; x_wconf 53' lang='lat' dir='ltr'><strong>cunarum</strong></span> <span class='ocrx_word' id='word_1_200' title='bbox 737 2928 870 2992; x_wconf 80' lang='lat' dir='ltr'><strong>decimo</strong></span> <span class='ocrx_word' id='word_1_201' title='bbox 892 2927 1000 3007; x_wconf 91' lang='lat' dir='ltr'><strong>libro,</strong></span> <span class='ocrx_word' id='word_1_202' title='bbox 1024 2927 1324 3015; x_wconf 67' lang='lat' dir='ltr'><strong>Pythagoreorum</strong></span> 
     </span>
     <span class='ocr_line' id='line_1_29' title="bbox 273 3012 1321 3101; baseline -0.004 -21"><span class='ocrx_word' id='word_1_203' title='bbox 273 3025 309 3081; x_wconf 77' lang='lat' dir='ltr'><strong>et</strong></span> <span class='ocrx_word' id='word_1_204' title='bbox 330 3012 522 3099; x_wconf 85' lang='lat' dir='ltr'><strong>Xenophili</strong></span> <span class='ocrx_word' id='word_1_205' title='bbox 544 3012 751 3101; x_wconf 79' lang='lat' dir='ltr'><strong>Pythagorei</strong></span> <span class='ocrx_word' id='word_1_206' title='bbox 773 3016 862 3077; x_wconf 73' lang='lat' dir='ltr'><strong>dista</strong></span> <span class='ocrx_word' id='word_1_207' title='bbox 883 3015 1047 3100; x_wconf 88' lang='lat' dir='ltr'><strong>quaedam</strong></span> <span class='ocrx_word' id='word_1_208' title='bbox 1072 3012 1173 3079; x_wconf 85' lang='lat' dir='ltr'><strong>affert</strong></span> <span class='ocrx_word' id='word_1_209' title='bbox 1190 3016 1321 3100; x_wconf 84' lang='lat' dir='ltr'><strong>Dioge·</strong></span> 
     </span>
     <span class='ocr_line' id='line_1_30' title="bbox 272 3099 1324 3189; baseline -0.007 -19"><span class='ocrx_word' id='word_1_210' title='bbox 272 3121 335 3170; x_wconf 84' lang='lat' dir='ltr'><strong>nes</strong></span> <span class='ocrx_word' id='word_1_211' title='bbox 355 3099 472 3165; x_wconf 81' lang='lat' dir='ltr'><strong>Laert.</strong></span> <span class='ocrx_word' id='word_1_212' title='bbox 487 3099 579 3166; x_wconf 85' lang='lat' dir='ltr'><strong>Vlll.</strong></span> <span class='ocrx_word' id='word_1_213' title='bbox 596 3102 644 3165; x_wconf 82' lang='lat'><strong>15.</strong></span> <span class='ocrx_word' id='word_1_214' title='bbox 672 3101 995 3189; x_wconf 79' lang='lat' dir='ltr'><strong>Philosophicorum</strong></span> <span class='ocrx_word' id='word_1_215' title='bbox 1013 3113 1125 3165; x_wconf 87' lang='lat' dir='ltr'><strong>autem</strong></span> <span class='ocrx_word' id='word_1_216' title='bbox 1141 3103 1324 3166; x_wconf 81' lang='lat' dir='ltr'><strong>Aristoxe-</strong></span> 
     </span>
     <span class='ocr_line' id='line_1_31' title="bbox 169 3184 1324 3276; baseline -0.005 -21"><span class='ocrx_word' id='word_1_217' title='bbox 169 3192 171 3197; x_wconf 77' lang='grc'>’</span> <span class='ocrx_word' id='word_1_218' title='bbox 273 3187 312 3255; x_wconf 83' lang='lat' dir='ltr'><strong>ni</strong></span> <span class='ocrx_word' id='word_1_219' title='bbox 327 3184 515 3267; x_wconf 89' lang='lat' dir='ltr'><strong>librorum,</strong></span> <span class='ocrx_word' id='word_1_220' title='bbox 537 3195 577 3249; x_wconf 85' lang='lat' dir='ltr'><strong>ut</strong></span> <span class='ocrx_word' id='word_1_221' title='bbox 591 3186 744 3266; x_wconf 78' lang='lat' dir='ltr'><strong>videtur,</strong></span> <span class='ocrx_word' id='word_1_222' title='bbox 767 3209 810 3249; x_wconf 91' lang='lat' dir='ltr'><strong>ne</strong></span> <span class='ocrx_word' id='word_1_223' title='bbox 828 3188 956 3251; x_wconf 87' lang='lat' dir='ltr'><strong>indices</strong></span> <span class='ocrx_word' id='word_1_224' title='bbox 971 3189 1107 3272; x_wconf 90' lang='lat' dir='ltr'><strong>quidem</strong></span> <span class='ocrx_word' id='word_1_225' title='bbox 1121 3197 1324 3276; x_wconf 77' lang='lat' dir='ltr'><strong>supersunt3</strong></span> 
     </span>
     <span class='ocr_line' id='line_1_32' title="bbox 184 3274 1324 3367; baseline -0.003 -26"><span class='ocrx_word' id='word_1_226' title='bbox 184 3324 192 3341; x_wconf 86' lang='lat'><strong>.</strong></span> <span class='ocrx_word' id='word_1_227' title='bbox 272 3274 391 3367; x_wconf 82' lang='lat' dir='ltr'><strong>placiti</strong></span> <span class='ocrx_word' id='word_1_228' title='bbox 409 3295 493 3339; x_wconf 79' lang='lat' dir='ltr'><strong>vero</strong></span> <span class='ocrx_word' id='word_1_229' title='bbox 513 3276 616 3337; x_wconf 88' lang='lat' dir='ltr'><strong>unius</strong></span> <span class='ocrx_word' id='word_1_230' title='bbox 638 3274 680 3338; x_wconf 89' lang='lat' dir='ltr'><strong>de</strong></span> <span class='ocrx_word' id='word_1_231' title='bbox 701 3274 842 3349; x_wconf 83' lang='lat' dir='ltr'><strong>anima,</strong></span> <span class='ocrx_word' id='word_1_232' title='bbox 876 3296 945 3338; x_wconf 89' lang='lat' dir='ltr'><strong>uon</strong></span> <span class='ocrx_word' id='word_1_233' title='bbox 967 3296 1039 3338; x_wconf 83' lang='lat' dir='ltr'><strong>esse</strong></span> <span class='ocrx_word' id='word_1_234' title='bbox 1059 3297 1135 3340; x_wconf 85' lang='lat' dir='ltr'><strong>eam</strong></span> <span class='ocrx_word' id='word_1_235' title='bbox 1158 3277 1225 3339; x_wconf 89' lang='lat' dir='ltr'><strong>nisi</strong></span> <span class='ocrx_word' id='word_1_236' title='bbox 1244 3294 1324 3338; x_wconf 86' lang='lat' dir='ltr'><strong>cor-</strong></span> 
     </span>
     <span class='ocr_line' id='line_1_33' title="bbox 173 3359 1324 3448; baseline -0.001 -24"><span class='ocrx_word' id='word_1_237' title='bbox 173 3430 178 3437; x_wconf 36' lang='lat'><strong>,</strong></span> <span class='ocrx_word' id='word_1_238' title='bbox 301 3363 370 3426; x_wconf 89' lang='lat' dir='ltr'><strong>oris</strong></span> <span class='ocrx_word' id='word_1_239' title='bbox 400 3359 599 3448; x_wconf 82' lang='lat' dir='ltr'><strong>qualitatem</strong></span> <span class='ocrx_word' id='word_1_240' title='bbox 625 3369 660 3424; x_wconf 90' lang='lat' dir='ltr'><strong>et</strong></span> <span class='ocrx_word' id='word_1_241' title='bbox 684 3359 915 3438; x_wconf 85' lang='lat' dir='ltr'><strong>harmoniam,</strong></span> <span class='ocrx_word' id='word_1_242' title='bbox 951 3381 1040 3425; x_wconf 86' lang='lat' dir='ltr'><strong>unus</strong></span> <span class='ocrx_word' id='word_1_243' title='bbox 1069 3360 1192 3426; x_wconf 84' lang='lat' dir='ltr'><strong>Cicero</strong></span> <span class='ocrx_word' id='word_1_244' title='bbox 1218 3361 1324 3426; x_wconf 86' lang='lat' dir='ltr'><strong>Tuae.</strong></span> 
     </span>
     <span class='ocr_line' id='line_1_34' title="bbox 272 3385 1324 3537; baseline -0.002 -25"><span class='ocrx_word' id='word_1_245' title='bbox 272 3385 375 3537; x_wconf 52' lang='lat' dir='ltr'><strong>hisp.</strong></span> <span class='ocrx_word' id='word_1_246' title='bbox 388 3445 414 3510; x_wconf 88' lang='grc' dir='ltr'><strong>Ι.</strong></span> <span class='ocrx_word' id='word_1_247' title='bbox 432 3466 480 3511; x_wconf 85' lang='grc' dir='ltr'><strong>ιο.</strong></span> <span class='ocrx_word' id='word_1_248' title='bbox 492 3455 527 3511; x_wconf 86' lang='lat' dir='ltr'><strong>ct</strong></span> <span class='ocrx_word' id='word_1_249' title='bbox 541 3447 589 3513; x_wconf 81' lang='lat'><strong>18.</strong></span> <span class='ocrx_word' id='word_1_250' title='bbox 609 3466 673 3510; x_wconf 89' lang='lat' dir='ltr'><strong>nec</strong></span> <span class='ocrx_word' id='word_1_251' title='bbox 688 3440 760 3511; x_wconf 81' lang='lat' dir='ltr'><strong>sinc</strong></span> <span class='ocrx_word' id='word_1_252' title='bbox 777 3446 864 3525; x_wconf 85' lang='lat' dir='ltr'><strong>sale,</strong></span> <span class='ocrx_word' id='word_1_253' title='bbox 887 3458 921 3511; x_wconf 86' lang='lat' dir='ltr'><strong>et</strong></span> <span class='ocrx_word' id='word_1_254' title='bbox 935 3468 979 3511; x_wconf 87' lang='lat' dir='ltr'><strong>ex</strong></span> <span class='ocrx_word' id='word_1_255' title='bbox 997 3470 1038 3512; x_wconf 88' lang='lat' dir='ltr'><strong>eo</strong></span> <span class='ocrx_word' id='word_1_256' title='bbox 1053 3447 1252 3513; x_wconf 86' lang='lat' dir='ltr'><strong>Lactantius</strong></span> <span class='ocrx_word' id='word_1_257' title='bbox 1264 3447 1324 3527; x_wconf 85' lang='lat' dir='ltr'><strong>ln·</strong></span> 
     </span>
     <span class='ocr_line' id='line_1_35' title="bbox 273 3529 1325 3614; baseline -0.002 -12"><span class='ocrx_word' id='word_1_258' title='bbox 273 3536 344 3602; x_wconf 81' lang='lat' dir='ltr'><strong>stit.</strong></span> <span class='ocrx_word' id='word_1_259' title='bbox 361 3532 441 3600; x_wconf 83' lang='lat' dir='ltr'><strong>Div.</strong></span> <span class='ocrx_word' id='word_1_260' title='bbox 461 3532 601 3599; x_wconf 69' lang='lat' dir='ltr'><strong>Vll&#39;.13.</strong></span> <span class='ocrx_word' id='word_1_261' title='bbox 627 3532 679 3599; x_wconf 89' lang='lat' dir='ltr'><strong>De</strong></span> <span class='ocrx_word' id='word_1_262' title='bbox 697 3529 795 3614; x_wconf 77' lang='lat' dir='ltr'><strong>Opis.</strong></span> <span class='ocrx_word' id='word_1_263' title='bbox 809 3532 876 3598; x_wconf 90' lang='lat' dir='ltr'><strong>Dei</strong></span> <span class='ocrx_word' id='word_1_264' title='bbox 893 3556 922 3601; x_wconf 87' lang='lat' dir='ltr'><strong>c.</strong></span> <span class='ocrx_word' id='word_1_265' title='bbox 940 3533 989 3599; x_wconf 83' lang='lat'><strong>16.</strong></span> <span class='ocrx_word' id='word_1_266' title='bbox 1006 3541 1216 3600; x_wconf 86' lang='lat' dir='ltr'><strong>mentionem</strong></span> <span class='ocrx_word' id='word_1_267' title='bbox 1231 3533 1325 3600; x_wconf 86' lang='lat' dir='ltr'><strong>fece·</strong></span> 
     </span>
     <span class='ocr_line' id='line_1_36' title="bbox 273 3619 1325 3705; baseline -0.002 -17"><span class='ocrx_word' id='word_1_268' title='bbox 273 3630 367 3701; x_wconf 63' lang='lat' dir='ltr'><strong>nint.</strong></span> <span class='ocrx_word' id='word_1_269' title='bbox 404 3619 518 3700; x_wconf 84' lang='lat' dir='ltr'><strong>Quam</strong></span> <span class='ocrx_word' id='word_1_270' title='bbox 535 3631 651 3683; x_wconf 87' lang='lat' dir='ltr'><strong>tamen</strong></span> <span class='ocrx_word' id='word_1_271' title='bbox 671 3622 868 3705; x_wconf 85' lang='lat' dir='ltr'><strong>opinionem</strong></span> <span class='ocrx_word' id='word_1_272' title='bbox 889 3643 961 3686; x_wconf 91' lang='lat' dir='ltr'><strong>uon</strong></span> <span class='ocrx_word' id='word_1_273' title='bbox 978 3619 1020 3685; x_wconf 87' lang='lat' dir='ltr'><strong>ah</strong></span> <span class='ocrx_word' id='word_1_274' title='bbox 1036 3624 1251 3689; x_wconf 78' lang='lat' dir='ltr'><strong>Aristoxeno</strong></span> <span class='ocrx_word' id='word_1_275' title='bbox 1266 3625 1325 3686; x_wconf 89' lang='lat' dir='ltr'><strong>in·</strong></span> 
     </span>
     <span class='ocr_line' id='line_1_37' title="bbox 274 3705 1325 3790; baseline -0.003 -14"><span class='ocrx_word' id='word_1_276' title='bbox 274 3722 433 3786; x_wconf 84' lang='lat' dir='ltr'><strong>ventam,</strong></span> <span class='ocrx_word' id='word_1_277' title='bbox 466 3706 526 3770; x_wconf 87' lang='lat' dir='ltr'><strong>sed</strong></span> <span class='ocrx_word' id='word_1_278' title='bbox 547 3705 663 3769; x_wconf 89' lang='lat' dir='ltr'><strong>multis</strong></span> <span class='ocrx_word' id='word_1_279' title='bbox 690 3718 769 3772; x_wconf 87' lang='lat' dir='ltr'><strong>ants</strong></span> <span class='ocrx_word' id='word_1_280' title='bbox 791 3729 871 3771; x_wconf 88' lang='lat' dir='ltr'><strong>enm</strong></span> <span class='ocrx_word' id='word_1_281' title='bbox 891 3730 1113 3774; x_wconf 87' lang='lat' dir='ltr'><strong>communem</strong></span> <span class='ocrx_word' id='word_1_282' title='bbox 1139 3708 1259 3790; x_wconf 82' lang='lat' dir='ltr'><strong>fuisse,</strong></span> <span class='ocrx_word' id='word_1_283' title='bbox 1291 3718 1325 3774; x_wconf 85' lang='lat' dir='ltr'><strong>et</strong></span> 
     </span>
     <span class='ocr_line' id='line_1_38' title="bbox 254 3792 1324 3885; baseline -0.002 -23"><span class='ocrx_word' id='word_1_284' title='bbox 254 3794 529 3882; x_wconf 82' lang='lat' dir='ltr'><strong>Pythagoricis,</strong></span> <span class='ocrx_word' id='word_1_285' title='bbox 539 3792 691 3856; x_wconf 87' lang='lat' dir='ltr'><strong>Musicae</strong></span> <span class='ocrx_word' id='word_1_286' title='bbox 702 3796 852 3859; x_wconf 84' lang='lat' dir='ltr'><strong>maxime</strong></span> <span class='ocrx_word' id='word_1_287' title='bbox 862 3797 1039 3875; x_wconf 72' lang='lat' dir='ltr'><strong>studiosis,</strong></span> <span class='ocrx_word' id='word_1_288' title='bbox 1058 3798 1225 3885; x_wconf 85' lang='lat' dir='ltr'><strong>placuisse</strong></span> <span class='ocrx_word' id='word_1_289' title='bbox 1236 3819 1324 3861; x_wconf 90' lang='lat' dir='ltr'><strong>con·</strong></span> 
     </span>
     <span class='ocr_line' id='line_1_39' title="bbox 274 3875 1322 3971; baseline -0.001 -26"><span class='ocrx_word' id='word_1_290' title='bbox 274 3893 351 3951; x_wconf 86' lang='lat' dir='ltr'><strong>stat.</strong></span> <span class='ocrx_word' id='word_1_291' title='bbox 384 3882 518 3947; x_wconf 82' lang='lat' dir='ltr'><strong>Socrati</strong></span> <span class='ocrx_word' id='word_1_292' title='bbox 536 3879 715 3946; x_wconf 86' lang='lat' dir='ltr'><strong>Platonico</strong></span> <span class='ocrx_word' id='word_1_293' title='bbox 729 3892 840 3944; x_wconf 86' lang='lat' dir='ltr'><strong>antem</strong></span> <span class='ocrx_word' id='word_1_294' title='bbox 854 3882 890 3946; x_wconf 91' lang='lat' dir='ltr'><strong>in</strong></span> <span class='ocrx_word' id='word_1_295' title='bbox 902 3882 1090 3949; x_wconf 78' lang='lat' dir='ltr'><strong>Phaedone</strong></span> <span class='ocrx_word' id='word_1_296' title='bbox 1102 3889 1141 3971; x_wconf 87' lang='lat' dir='ltr'><strong>(c.</strong></span> <span class='ocrx_word' id='word_1_297' title='bbox 1155 3884 1208 3950; x_wconf 83' lang='lat'><strong>36.</strong></span> <span class='ocrx_word' id='word_1_298' title='bbox 1221 3887 1257 3948; x_wconf 74' lang='lat'><strong>41</strong></span> <span class='ocrx_word' id='word_1_299' title='bbox 1271 3875 1322 3968; x_wconf 77' lang='lat' dir='ltr'><strong>sq.</strong></span> 
     </span>
     <span class='ocr_line' id='line_1_40' title="bbox 274 3966 1323 4058; baseline 0.001 -25"><span class='ocrx_word' id='word_1_300' title='bbox 274 3967 367 4057; x_wconf 90' lang='lat' dir='ltr'><strong>Opp.</strong></span> <span class='ocrx_word' id='word_1_301' title='bbox 385 3968 429 4036; x_wconf 89' lang='lat' dir='ltr'><strong>T.</strong></span> <span class='ocrx_word' id='word_1_302' title='bbox 441 3966 466 4032; x_wconf 89' lang='grc' dir='ltr'><strong>Ι.</strong></span> <span class='ocrx_word' id='word_1_303' title='bbox 482 3969 596 4055; x_wconf 75' lang='lat' dir='ltr'><strong>palli.</strong></span> <span class='ocrx_word' id='word_1_304' title='bbox 612 3967 683 4056; x_wconf 80' lang='lat'><strong>157.</strong></span> <span class='ocrx_word' id='word_1_305' title='bbox 694 3968 747 4032; x_wconf 89' lang='lat' dir='ltr'><strong>ed.</strong></span> <span class='ocrx_word' id='word_1_306' title='bbox 761 3968 861 4043; x_wconf 80' lang='lat' dir='ltr'><strong>Beck)</strong></span> <span class='ocrx_word' id='word_1_307' title='bbox 872 3974 1009 4058; x_wconf 85' lang='lat' dir='ltr'><strong>copiose</strong></span> <span class='ocrx_word' id='word_1_308' title='bbox 1020 3972 1222 4036; x_wconf 77' lang='lat' dir='ltr'><strong>declaratam</strong></span> <span class='ocrx_word' id='word_1_309' title='bbox 1235 3970 1323 4034; x_wconf 86' lang='lat' dir='ltr'><strong>fuis-</strong></span> 
     </span>
     <span class='ocr_line' id='line_1_41' title="bbox 274 4053 1321 4145; baseline 0 -25"><span class='ocrx_word' id='word_1_310' title='bbox 274 4077 327 4134; x_wconf 86' lang='lat' dir='ltr'><strong>se,</strong></span> <span class='ocrx_word' id='word_1_311' title='bbox 355 4057 429 4144; x_wconf 86' lang='lat' dir='ltr'><strong>ipse</strong></span> <span class='ocrx_word' id='word_1_312' title='bbox 450 4065 568 4119; x_wconf 86' lang='lat' dir='ltr'><strong>monet</strong></span> <span class='ocrx_word' id='word_1_313' title='bbox 586 4053 710 4119; x_wconf 85' lang='lat' dir='ltr'><strong>Cicero</strong></span> <span class='ocrx_word' id='word_1_314' title='bbox 734 4055 792 4121; x_wconf 91' lang='lat' dir='ltr'><strong>l.l.</strong></span> <span class='ocrx_word' id='word_1_315' title='bbox 808 4055 1016 4127; x_wconf 74' lang='lat' dir='ltr'><strong>Tusc.l.10.</strong></span> <span class='ocrx_word' id='word_1_316' title='bbox 1050 4057 1094 4123; x_wconf 85' lang='lat' dir='ltr'><strong>cf.</strong></span> <span class='ocrx_word' id='word_1_317' title='bbox 1108 4056 1321 4145; x_wconf 74' lang='lat' dir='ltr'><strong>Wytteuba-</strong></span> 
     </span>
     <span class='ocr_line' id='line_1_42' title="bbox 274 4141 819 4235; baseline -0.006 -25"><span class='ocrx_word' id='word_1_318' title='bbox 274 4143 372 4210; x_wconf 87' lang='lat' dir='ltr'><strong>chius</strong></span> <span class='ocrx_word' id='word_1_319' title='bbox 389 4143 432 4207; x_wconf 88' lang='lat' dir='ltr'><strong>ad</strong></span> <span class='ocrx_word' id='word_1_320' title='bbox 451 4141 630 4210; x_wconf 80' lang='lat' dir='ltr'><strong>Phaedon.</strong></span> <span class='ocrx_word' id='word_1_321' title='bbox 649 4165 684 4235; x_wconf 88' lang='lat' dir='ltr'><strong>p.</strong></span> <span class='ocrx_word' id='word_1_322' title='bbox 699 4146 761 4212; x_wconf 67' lang='lat'><strong>248</strong></span> <span class='ocrx_word' id='word_1_323' title='bbox 770 4166 819 4232; x_wconf 89' lang='lat' dir='ltr'><strong>sq.</strong></span> 
     </span>
    </p>
   </div>
   <div class='ocr_carea' id='block_1_3' title="bbox 0 0 1476 4875">
    <p class='ocr_par' dir='ltr' id='par_1_3' title="bbox 0 0 1476 4875">
     <span class='ocr_line' id='line_1_43' title="bbox 0 0 1476 4875; baseline 0 1"><span class='ocrx_word' id='word_1_324' title='bbox 0 0 1476 4875; x_wconf 95' lang='lat' dir='ltr'><strong> </strong></span> 
     </span>
    </p>
   </div>
  </div>
 </body>
</html>
