2942 4875
261 405 306 467 to
327 416 579 468 snamscnus.
599 395 895 468 cinossosm.
908 418 1002 467 saie.
1015 375 1306 470 ai'nxsmnsus

259 577 388 651 s'erior,
410 574 645 642 Antimachus
663 595 682 636 a
700 573 804 638 Claro
826 574 880 638 vel
898 573 1101 661 Colophone
1130 576 1217 641 urbe
1243 599 1306 660 co-

259 664 501 750 gnominatus,
524 658 586 725 sub
601 660 753 746 bellique
765 661 1047 748 Peloponnesiaci
1061 664 1213 738 exitum,
1235 666 1308 727 cir-

260 772 297 814 ce
322 747 523 813 Otxctv.
553 745 682 811 a.Chr.
703 753 778 814 404.
820 746 970 824 florens,
1016 749 1118 813 Suida
1166 761 1305 815 auctore

256 836 422 937 Panyasis
443 834 648 921 discipulus,
673 845 707 898 et
720 845 806 900 teste
820 832 988 899 Cicerone
1005 835 1114 921 (Brut
1138 837 1307 926 51.)Plo-

258 935 336 988 tom
358 920 564 1008 philosopho
594 921 775 1006 probatus,
808 923 1000 986 carminum
1023 923 1190 1002 duorum,
1219 924 1306 988 alte·

256 1015 330 1075 rius
353 1009 459 1095 epici,
485 1007 693 1084 Thebaidis,
725 1029 794 1093 quo
816 1007 955 1084 Statio,
988 1009 1147 1077 Romano
1172 1011 1304 1097 politae,

255 1094 436 1183 praelusit,
460 1085 617 1171 alterius,
642 1093 706 1157 sub
731 1096 870 1182 [gyslam
903 1094 1036 1179 puellse
1057 1097 1188 1185 apoe‘ta
1220 1098 1303 1162 ads-

253 1193 386 1258 matoe,
408 1183 548 1245 nomine
571 1182 767 1269 complures
795 1181 928 1269 elegias
959 1183 1149 1269 complexi,
1184 1195 1304 1248 auctor

256 1267 557 1341 celebratissimus,
580 1268 677 1330 ouius
688 1273 865 1353 utriusque
886 1265 1075 1352 fragments
1085 1270 1216 1354 piimus
1227 1273 1303 1335 col·

253 1354 347 1439 legit,
369 1353 536 1441 disposuit
547 1352 769 1418 etillustra'vit
781 1355 1092 1441 Sclsellenbergius,
1101 1355 1136 1418 H
1138 1356 1208 1420 alae
1220 1358 1301 1423 Sex.

257 1443 351 1528 1786.
376 1441 517 1504 octonis.
545 1440 587 1504 V.
609 1440 756 1527 Dionys.
776 1441 887 1506 Helie.
906 1443 947 1505 de
968 1452 1139 1505 structura
1163 1441 1299 1508 verbor.

253 1548 288 1614 p.
307 1528 379 1592 300.
407 1513 459 1590 ed.
480 1527 593 1592 sehet
616 1524 743 1612 ibique·
753 1528 902 1617 Uptonis
919 1539 1009 1591 note.
1032 1528 1177 1608 Quintil
1198 1528 1246 1594 X.
1270 1552 1298 1593 1.

254 1615 307 1679 53.
333 1613 375 1676 ef.
400 1612 628 1678 Rulinkenius
649 1616 684 1677 in
707 1614 816 1703 Epist.
853 1614 937 1679 crit.
971 1616 1010 1679 ΙΙ.
1033 1616 1140 1702 p.283
1170 1627 1204 1679 et
1224 1636 1298 1702 292.

253 1698 398 1764 Schoafii
419 1700 564 1789 lincycl.
588 1702 621 1765 d.
645 1701 742 1769 class.
764 1700 913 1767 Alterth.
938 1702 982 1765 T.
992 1701 1016 1764 l.
1039 1722 1072 1787 p.
1083 1701 1136 1788 37.
1158 1713 1192 1766 et
1211 1724 1299 1789 quae

252 1787 330 1872 dedi
353 1788 389 1849 in
412 1787 543 1852 dissert.
577 1788 619 1850 de
647 1786 801 1853 fontibus
833 1787 1151 1875 Argonautioorum
1180 1788 1298 1878 Apoll.

250 1871 321 1939 llh.
345 1874 424 1938 loco
447 1877 502 1938 cit.
525 1897 560 1964 p.
578 1882 734 1940 ios-104.

720 2043 825 2137 §.sa

318 2216 365 2282 lit
387 2218 602 2305 reliquorum
622 2217 660 2283 in
675 2224 795 2305 quovis
815 2238 940 2303 genere
960 2224 1167 2305 scriptomin
1185 2218 1294 2285 Grae·

249 2326 388 2381 uorum,
423 2305 470 2370 its
492 2307 680 2394 poetarum
708 2307 883 2395 epicorum
918 2306 1088 2372 delectum
1113 2307 1295 2392 quemdum

250 2399 321 2460 sive
344 2415 510 2459 cononem
545 2394 768 2458 instituerunt
801 2389 1027 2458 Gmmmetici
1052 2393 1294 2474 Alexandrini,

236 2480 509 2570 ¹Aristophanes
532 2480 728 2559 Byzantius
752 2493 786 2543 et
803 2480 1177 2567 Aristarchus,·inque
1197 2485 1291 2567 opti-

247 2586 388 2635 morum
412 2566 489 2630 loeo
511 2554 662 2657 quinque
681 2564 892 2630 habueruut:
918 2569 1131 2643 Homerum,
1156 2568 1290 2632 Hesio-

247 2655 351 2733 dum,
376 2654 598 2732 Pisandrum,
623 2652 803 2739 Ponyosin
823 2663 857 2715 et
866 2652 1130 2718 Antimachum.
1154 2655 1291 2734 Quodsi

248 2742 356 2820 duos,
381 2762 465 2826 quos
488 2749 641 2807 extremo
665 2739 744 2804 loco
772 2740 963 2817 nominavi,
985 2740 1152 2827 excipias,
1174 2741 1294 2828 spicae

242 2829 389 2922 poeseos
413 2830 505 2889 inter
529 2824 681 2891 Graecos
694 2826 769 2913 flos
789 2833 882 2890 intra
912 2828 982 2890 duo
1002 2827 1118 2891 seculo
1137 2828 1294 2892 etdimi-

247 2915 347 2979 dium
364 2913 551 2976 substitisse
573 2914 728 2990 videtur,
762 2935 830 2998 quo
849 2913 1016 2977 nimirum
1042 2914 1204 3016 temporis
1229 2913 1293 2976 de·

247 3022 349 3064 eursu
375 3002 404 3069 is
426 2999 646 3085 ingeniosum
670 3000 781 3062 cultus
806 3011 839 3063 et
861 2999 1009 3076 indoles,
1032 3020 1072 3063 ea
1096 3013 1182 3064 vitae
1208 3020 1289 3063 mo-

244 3109 394 3174 rumque
416 3084 630 3170 simplicitas,
653 3087 821 3150 sermonis
845 3086 990 3171 denique
1012 3087 1139 3175 poe'tici
1155 3086 1290 3151 nativus

245 3176 345 3239 solor
371 3185 405 3238 et
430 3172 564 3237 habitus
594 3173 684 3237 inter
711 3174 826 3237 ioniae
845 3175 990 3261 populos
1017 3172 1185 3249 obtinuit,
1209 3173 1290 3258 qui-

244 3261 308 3326 bus
332 3261 396 3326 hoe
420 3259 579 3325 carininis
600 3281 709 3346 genus
731 3260 915 3324 laetissima
938 3280 999 3322 sua
1020 3260 1233 3325 incrementa
1243 3280 1287 3323 n-

244 3351 321 3416 nice
344 3359 377 3413 et
397 3345 552 3412 debuisse
575 3357 609 3411 et
632 3344 756 3412 debere
779 3346 971 3436 putendum
993 3346 1047 3411 sit.
1219 3360 1222 3365 '

656 3617 660 3623 ‚
715 3520 816 3629 §.dn

308 3695 362 3760 Ex
384 3696 482 3784 spico
506 3703 541 3758 et
562 3694 732 3779 didactieo
751 3698 919 3769 carmine,
942 3691 1036 3781 quod
1057 3712 1128 3755 uno
1151 3701 1185 3755 et
1201 3712 1285 3779 per·

240 3792 345 3874 petuo
373 3794 507 3861 tenore,
531 3783 732 3847 lsexometro
757 3802 863 3868 usque
882 3780 1063 3857 redeunte,
1085 3777 1213 3843 fluebat
1238 3799 1286 3842 u-

240 3881 422 3955 trumque,
452 3880 570 3934 natum
593 3878 644 3932 est
670 3873 705 3933 in
725 3871 842 3933 eedem
865 3869 989 3943 Ionio,
1011 3869 1143 3931 incerto
1166 3878 1285 3929 aucto-

240 3980 297 4035 re,
321 3954 569 4045 Olympiadem
596 3955 741 4021 fortasse
768 3956 884 4033 initio,
915 3953 1024 4029 aliud,
1054 3963 1089 4017 et
1110 3950 1223 4017 forms
1250 3960 1285 4013 et

238 4045 381 4112 materie
404 4044 599 4122 diversum,
635 4042 694 4106 sed
717 4041 882 4130 peculiari
907 4041 1047 4109 nomine
1072 4038 1130 4103 diu
1154 4060 1282 4117 carens,

240 4132 379 4219 antiquo
401 4132 468 4199 τῶν
490 4134 616 4211 ἐπέων,
647 4141 686 4194 ut
702 4130 854 4209 videtur,
875 4137 1019 4195 retento.
1064 4126 1224 4194 Disticlu'
1241 4145 1279 4188 e·
