2942 4875
265 459 309 579 78
435 522 476 538 ··
566 471 961 598 'resurretura’

266 661 399 731 fabric.
426 659 562 725 Harles.
594 661 637 729 T.
656 659 700 724 ΙΙ.
728 682 762 746 p.
777 658 942 750 616qu
966 683 1125 727 earmina
1151 665 1313 729 irrisoria

266 749 409 815 heroico
432 757 561 824 metro,
583 747 744 811 Straboni
765 748 903 812 laudata
920 747 1021 814 XIV.
1046 771 1079 835 p.
1088 749 1162 812 643.
1186 750 1312 834 quibus

265 835 416 902 Homeri
450 845 484 898 et
512 834 657 898 Hesiodi
683 834 725 898 de
745 834 822 899 Diis
849 838 1060 899 narrationes
1081 837 1249 922 mythicas
1271 860 1314 901 a·

266 943 361 989 mere
375 921 585 1009 perstrinxit,
601 923 711 984 dictus
728 921 810 984 inde
825 918 1080 1008 Όμηροπάτης,
1104 921 1164 1009 (cf.
1179 923 1204 987 F
1207 923 1316 987 ebrie.

265 1009 401 1075 Herios.
413 1008 457 1072 Τ.
469 1009 494 1074 l.
520 1008 663 1094 p562.);
684 1019 759 1071 tum
772 1029 910 1073 carmen
921 1007 1199 1097 philosophicum
1216 1014 1315 1098 περὶ

267 1094 432 1186 φύσεως
450 1096 520 1157 eive
542 1095 586 1158 de
602 1116 719 1158 rerum
733 1106 887 1170 sutura,
910 1097 992 1160 item
1008 1093 1214 1160 hexametris
1225 1117 1315 1159 oon-

268 1178 1316 1355 ttttftffetttttttttbsittlffltaittttttpllti

267 1354 469 1419 tribuuntur
487 1353 626 1442 placita,
649 1349 754 1441 petita
767 1353 873 1418 fuisse
883 1356 1060 1443 probabile
1081 1353 1130 1420 fit
1176 1356 1314 1421 Carmi-

271 1460 355 1505 num
381 1439 529 1515 horum,
559 1461 644 1526 quae
670 1449 790 1504 auctor
812 1441 886 1529 ipse
918 1442 1181 1527 Rhapsodorum
1214 1464 1313 1506 more

268 1528 430 1591 cecinisse
449 1527 574 1590 dicitur
598 1526 748 1612 Diogeni
765 1528 903 1592 Laertio
921 1528 982 1593 tx.
1004 1551 1033 1596 2.
1046 1525 1251 1618 (ἐρῥαψῴόει
1267 1528 1312 1594 τὰ

269 1614 390 1680 ἑαυτοῦ
410 1611 455 1678 cf.
478 1610 602 1675 Wolfii
622 1613 756 1696 Proleg.
777 1614 819 1677 ad
830 1615 974 1679 Homer.
996 1642 1029 1700 p.
1038 1617 1103 1700 98.)
1122 1637 1228 1702 pauca
1238 1615 1316 1679 fra-

268 1709 408 1786 grneuta
425 1700 564 1785 collegit
585 1700 635 1763 H.
661 1699 861 1788 Stephanus
886 1702 924 1766 in
953 1702 1057 1768 Poe'si
1096 1702 1315 1801 hiloroplrica

268 1801 332 1849 etc.
378 1785 517 1851 Parisiis
543 1786 636 1868 1573.
650 1787 680 1849 8.
703 1808 736 1871 p.
746 1786 860 1874 35-39.
878 1790 984 1854 vertit
1005 1726 1254 1853 Fiilleborntus
1274 1789 1315 1852 in

268 1871 466 1961 Beitrogen
488 1895 550 1936 aur
573 1871 777 1936 Gesrlu'clite
796 1874 859 1938 der
879 1875 1103 1962 Philosophia
1127 1872 1258 1943 1³.Vtt
1278 1896 1313 1962 p.

268 1959 364 2026 6-15.
385 1958 500 2042 addito
519 1968 681 2020 contextu
703 1979 826 2043 graeco
845 1961 1014 2046 notisque.

333 2044 499 2108 Eiusdem
520 2043 711 2127 argumenti
734 2043 961 2133 philosophici
982 2067 1121 2112 carmen
1133 2067 1242 2110 unum
1256 2043 1310 2108 vel

266 2130 386 2220 plura,
408 2134 503 2217 περὶ
529 2126 705 2218 φύσεως,
728 2134 804 2218 περὶ
818 2134 878 2197 τοῦ
903 2135 1039 2213 νοητοῦ,
1059 2134 1136 2219 περί
1159 2134 1222 2199 τοῦ
1237 2131 1312 2197 ἔον·

267 2238 346 2294 τος,
367 2227 401 2280 et
416 2219 556 2301 insuper
574 2216 846 2316 Cosmogoniam
867 2229 901 2282 et
922 2219 1204 2304 Physiologiam,
1226 2238 1313 2305 quae

267 2312 384 2368 tamen
407 2304 521 2368 omnia
544 2323 616 2364 nou
641 2301 707 2366 nisi
726 2304 832 2367 unius
852 2304 895 2370 cle
913 2319 1042 2370 natura
1065 2328 1181 2369 rerum
1198 2314 1314 2393 partes

268 2386 375 2456 fuisse
393 2388 570 2467 videnlur,
592 2388 794 2454 tribuuntur
813 2390 1018 2458 Parmenidi
1038 2390 1217 2466 Eleatico,
1239 2388 1316 2454 Xe-

270 2477 440 2563 nophanis
458 2477 644 2564 discipulo,
667 2477 764 2540 cuius
775 2489 916 2542 aetatem
932 2476 1136 2566 Olympiadi
1146 2477 1315 2542 LXXIX.

268 2586 359 2628 atino
382 2587 411 2629 a.
433 2564 496 2628 ch.
522 2566 597 2628 too.
620 2561 780 2628 admovet
808 2565 1074 2643 metamus,
1113 2566 1173 2651 qui
1197 2565 1313 2653 operis

269 2650 509 2725 Parrneuidei,
543 2648 651 2733 (cuius
684 2650 824 2715 initium
858 2651 985 2715 Sextus
1009 2651 1205 2750 Empiricos
1235 2649 1312 2714 adv.

269 2735 438 2803 Motlrem.
463 2735 541 2801 Vll.
559 2759 651 2813 tlh,
672 2748 804 2821 partem
824 2737 1045 2823 integriorem
1057 2736 1253 2825 Simplicius
1269 2735 1315 2800 ad

268 2824 467 2889 Aristotelis
480 2821 665 2910 Physicam
686 2826 846 2910 servarit)
862 2822 1071 2912 fragmenta,
1094 2834 1170 2909 post
1179 2824 1314 2911 il.Ste-·

266 2909 384 2999 phanis
396 2911 432 2975 iu
444 2909 545 2974 Poe'si
556 2909 795 2995 philosophica
812 2931 926 2989 cerras,
950 2912 1059 2975 multo
1071 2912 1222 2975 auctiora
1232 2931 1314 2973 oum

266 2999 424 3075 versione
442 3016 570 3083 germ,
603 2995 846 3061 animadverso.
883 3009 917 3060 et
933 2998 1185 3085 prolegomenis
1206 2996 1314 3059 edidit

268 3084 307 3147 in
328 3074 416 3148 lffiro
437 3083 529 3147 laud.
575 3080 750 3169 Beitriige
768 3093 832 3147 sur
855 3082 978 3148 Gescli.
1001 3085 1063 3148 der
1089 3081 1315 3170 Philosophia

268 3168 378 3236 P.Vl.
405 3168 539 3259 ¹79¹·8·
561 3168 601 3231 P.
614 3166 695 3230 Vll.
718 3188 750 3252 p.
765 3166 877 3235 16-18.
890 3170 928 3234 P.
938 3168 965 3237 l.
988 3192 1021 3256 p.
1031 3176 1083 3236 45.
1103 3190 1200 3255 aquo
1211 3188 1314 3256 prae-

267 3267 302 3320 te
362 3257 369 3271 ‘
390 3278 425 3319 sa
448 3277 493 3319 er
510 3252 687 3337 Simplicio
704 3254 878 3356 supplerit
895 3255 1260 3342 AmadeuePeyronus
1276 3255 1314 3317 in

268 3279 496 3431 Efficimus
514 3353 549 3405 et
569 3340 793 3405 Parmenides
804 3341 1035 3440 Pragmatio
1048 3366 1068 3405 e
1084 3342 1202 3421 codice
1215 3340 1315 3406 Tau-

267 3429 401 3496 rinensi
416 3428 589 3494 restitistis
605 3436 640 3490 et
648 3426 832 3495 illustretis.
849 3428 987 3516 Lipsiae
999 3428 1092 3493 1810.
1100 3430 1130 3493 8.
1143 3424 1198 3491 Cf.
1215 3426 1253 3491 0.
1266 3425 1314 3490 F.

268 3514 478 3581 Heinrichii
500 3513 722 3600 spicilegium
743 3513 1019 3579 observationum
1038 3514 1076 3577 in
1097 3512 1316 3579 Parmenidis

267 3600 482 3686 fragmenta,
504 3602 672 3663 insertum
689 3599 897 3664 Fiillebornii
916 3601 1034 3665 libello
1048 3601 1139 3664 laud.
1165 3600 1205 3664 P.
1217 3597 1312 3665 Vlll.
1339 3610 1343 3617 ’

216 3702 470 3776 ‚pupi-200.
514 3686 636 3750 Paucis
666 3686 720 3750 his
741 3687 895 3773 reliquiis
913 3686 1072 3752 firmatur
1090 3694 1246 3750 veterum
1268 3683 1314 3750 de

268 3775 475 3839 obscuritate
495 3774 564 3837 scri
589 3771 670 3836 toris
693 3772 796 3838 huius
823 3774 1007 3853 iudicium,
1041 3794 1143 3863 quam
1165 3794 1210 3837 ex
1228 3771 1313 3836 alle-

268 3863 385 3945 gorica
406 3795 673 3949 philosopiiandi
689 3860 896 3948 mythosque
909 3863 1040 3948 priscos
1061 3856 1313 3947 interpretandi

267 3950 420 4025 ratione,
446 3968 513 4032 qua
534 3968 614 4009 usus
636 3957 703 4023 ost,
726 3948 879 4011 maxime
899 3958 1011 4015 ortam
1030 3969 1105 4016 sese
1120 3956 1215 4012 recte
1228 3965 1311 4021 moa

266 4044 328 4100 net
343 4032 542 4100 Menander
558 4032 600 4098 do
621 4035 784 4099 encomiis
804 4054 834 4099 c.
852 4033 885 4099 5.
1325 4044 1330 4051 '
