2942 4875
622 494 926 574 Patro
1237 524 1301 590 115

241 672 423 745 regnante,
455 665 644 732 secundum
674 683 706 736 et
732 680 871 742 tertium
901 693 1080 771 styranni
1106 715 1299 765 successore

247 758 455 834 cognomine
480 764 512 814 et
536 754 654 821 Dione
676 759 910 846 Syracusano,
943 795 1094 858 quocum
1117 781 1297 865 Syracusis

210 843 213 848 '
242 853 282 893 ac
310 844 423 918 postea
444 835 590 904 Athonis
613 845 880 916 familiarissime
901 858 1047 942 vixerat,
1062 861 1297 954 impensissi-

241 919 307 982 mis
331 926 511 989 arcessitus
534 931 700 1014 precibus.
747 937 868 1026 Neque
894 945 1046 1013 docendo
1068 953 1197 1036 solum,
1229 961 1297 1025 So·

240 1008 349 1071 cratis
378 1014 550 1077 rationem
577 1018 824 1113 (lampaia.)
854 1031 954 1094 urtice
975 1049 1126 1118 accidua,
1158 1046 1302 1112 scliolae'
1364 1132 1368 1140 ¹

144 1157 161 1176 ι
238 1113 333 1170 suae,
368 1118 454 1182 quae
482 1101 586 1164 modo
611 1104 816 1188 Platonica,
858 1119 1098 1189 modoaloco
1127 1139 1294 1214 quemad

236 1178 472 1248 disserendum
511 1189 576 1253 sibi
606 1191 754 1278 elegerat
784 1202 979 1271 Academia
1008 1210 1148 1297 dicitur,
1184 1244 1292 1288 ‚sam-

235 1289 328 1348 niam
348 1270 594 1352 celebritatem,
627 1282 685 1342 sed
707 1286 847 1371 scriptis
868 1292 986 1369 etiam,
1020 1318 1291 1382 consummatis·

236 1354 324 1418 sima
354 1367 424 1421 arte
446 1363 637 1445 perpolitis,
668 1371 817 1434 nominis
845 1376 1135 1454 immortalitatem
1165 1418 1289 1462 conse·

235 1451 335 1504 cutus
348 1453 416 1519 est,
440 1457 477 1508 ut
495 1470 564 1511 non
585 1452 649 1513 sali
661 1453 829 1542 Longino
843 1460 921 1548 (IV.
939 1474 1000 1554 ιι.)
1017 1474 1156 1544 divinus
1167 1486 1288 1576 (θεῖος)

235 1536 271 1588 et
301 1526 474 1595 Panaetio
501 1533 823 1625 (eradicastis)
838 1550 1128 1640 philosophorum
1149 1567 1288 1637 Home·
1394 1593 1399 1602 '

234 1634 315 1692 τως
353 1613 515 1682 Ciceroni
546 1632 659 1687 autem
691 1627 1110 1733 (DeNal.Deor.ll.12.)
1129 1655 1287 1741 philoso·

260 1698 386 1764 liorum
416 1707 518 1791 quasi
548 1713 632 1773 deus
661 1715 806 1800 quidam
836 1724 1035 1806 appelletur.
1081 1735 1284 1815 Orationem

230 1721 406 1864 i'latonis,
440 1791 635 1859 clarissimis
659 1802 843 1866 verborum
865 1809 1053 1882 luminibus
1079 1822 1282 1916 distinctam,

232 1868 274 1932 ab
288 1871 326 1934 iu
353 1875 497 1962 enioque
517 1879 743 1966 feracissimo,
768 1892 951 1981 multiplici
969 1909 1082 1975 studio
1101 1922 1135 1973 et
1153 1915 1283 1987 doctri-

228 1978 273 2022 na
296 1893 452 2040 saliceto,
484 1967 664 2052 poetarum
684 1973 856 2074 imprimis
877 1983 1021 2055 lectione
1043 2000 1190 2082 nutrito,
1221 2029 1282 2071 ve·

226 2041 279 2106 lut
302 2047 503 2131 animatam,
537 2077 574 2118 ac
601 2064 809 2126 suavissimis
841 2066 1007 2140 illecebris
1038 2079 1178 2152 lectoris
1202 2096 1281 2159 ani·
1370 2175 1379 2182 ,

224 2151 324 2196 muni
357 2132 594 2223 deiicientem,
637 2144 727 2211 iuter
755 2154 875 2235 poe'ma
898 2171 930 2218 et
957 2186 1091 2248 prosam
1123 2176 1278 2261 medium

224 2220 396 2303 quoddam
418 2233 555 2304 tencre,
587 2241 677 2294 recte
696 2235 826 2299 iudicat
848 2244 1060 2317 Aristotcles
1078 2264 1168 2346 apud
1186 2263 1278 2333 Dio·

223 2326 348 2388 geriem
364 2307 543 2375 Laertiam
566 2313 626 2379 Ill.
644 2316 696 2405 37.
709 2323 761 2406 tl),
791 2334 961 2414 tantaque
975 2338 1176 2414 elocutionis
1194 2351 1277 2420 Pla-

224 2392 359 2456 tonicae
390 2401 500 2461 virtus
532 2411 565 2463 et
589 2403 753 2556 iiiiriliqae
784 2409 916 2481 formae
944 2427 1106 2507 quaedam
1135 2439 1277 2508 absolu·

224 2479 273 2539 tio
299 2492 399 2564 atque
428 2482 595 2569 perfectio
626 2497 796 2572 cerritus,
828 2512 867 2564 ut
893 2508 947 2579 „si
965 2516 1103 2584 verbum
1129 2528 1278 2615 aliquod

225 2563 347 2629 demas
372 2582 540 2653 mutesve,
573 2587 680 2664 atquc
701 2580 742 2644 id
765 2594 1042 2679 commodissime
1058 2607 1199 2692 jacias,
1232 2618 1276 2685 de

224 2648 403 2736 elegantia
431 2666 551 2724 tamen
581 2662 802 2732 detraxerist‘
830 2716 874 2728 -
909 2699 1068 2754 monente
1091 2693 1272 2770 Favorino

225 2737 317 2822 apud
342 2739 498 2814 Gellium
520 2742 605 2815 Il.5.
622 2793 667 2807 -
704 2755 802 2834 Quae
830 2763 965 2859 quidem

222 2831 297 2885 tam
318 2833 466 2892 maxime
485 2834 587 2897 totins
606 2844 881 2925 compositionis,
905 2874 943 2916 ac
959 2855 1093 2930 formae
1113 2871 1272 2961 dialogo-
1336 2894 1338 2901 ’

173 2968 177 2973 ,
220 2930 299 2974 rum
315 2912 480 2981 mimicae
498 2930 531 2982 et
550 2922 768 2993 dramaticus
788 2936 993 3022 proprietas,
1017 2968 1218 3036 praeterreri
1236 2976 1270 3032 et

220 3011 479 3081 argumentum,
514 3016 695 3096 praecipue
719 3018 1022 3097 animadvertenda
1049 3044 1113 3107 erit
1133 3046 1174 3110 iis
1199 3053 1269 3136 qui,

220 3080 292 3148 aliis
314 3090 570 3157 auctoritatibus
591 3095 756 3181 destituti,
780 3106 822 3168 de
840 3114 953 3197 operis
970 3119 1125 3209 alicuius,
1153 3134 1268 3201 Plato.

217 3169 271 3233 iiis
289 3192 415 3237 nomeu
438 3199 518 3262 prae
539 3203 574 3245 se
600 3182 759 3265 serentis,
791 3192 857 3259 lide
883 3217 1113 3287 pronunciare
1135 3224 1298 3294 voluat.—

216 3255 308 3319 Nam
330 3259 366 3321 in
389 3264 540 3364 quinque
562 3277 597 3329 et
617 3275 771 3359 triginta
793 3278 953 3367 dialogis,
987 3298 1043 3379 qui
1071 3292 1267 3398 supersunt,

217 3352 250 3407 et
267 3365 331 3429 pro
350 3352 507 3429 genuinis
528 3355 631 3439 vulgo
650 3361 838 3443 habentur,
861 3373 975 3455 plures
993 3392 1108 3472 magni
1121 3397 1185 3460 viri
1198 3421 1265 3465 no-

215 3451 296 3493 man
317 3433 514 3501 certissimis
539 3441 672 3508 iudiciis
695 3453 850 3532 mentiri,

997 2783 1070 2843 tum
1092 2792 1271 2876 sermonis,

217 3515 355 3580 dubiam
377 3517 479 3587 fidem
505 3548 596 3605 esse,
630 3536 755 3619 partim
782 3552 913 3609 veteres
941 3549 1167 3633 Grammatici
1194 3574 1264 3639 iam
1324 3586 1329 3591 ’

214 3604 389 3683 viderunt,
431 3609 490 3673 sed
521 3616 635 3690 multo,
662 3628 851 3691 accuratius
884 3634 1118 3714 demonstrare
1150 3665 1265 3730 conati

214 3700 293 3752 suut
311 3698 519 3787 recentiores
535 3701 669 3783 Critici,
695 3730 901 3799 quamquam
920 3724 983 3809 ipsi
1004 3755 1139 3824 quoque
1151 3749 1187 3809 in
1206 3749 1262 3813 di·
1366 3740 1370 3765 ¹

215 3797 328 3841 versas
349 3802 450 3869 saepe
468 3799 579 3871 partes
602 3776 712 3856 delati.
739 3799 956 3891 Aristotelis,
982 3816 1133 3890 Platonis
1155 3833 1260 3900 disci-

213 3865 302 3948 puli,
325 3873 523 3936 auctoritate
544 3880 744 3959 gravissima
765 3885 904 3957 innixus
925 3898 1262 3993 Selilaiermaclierus

214 3949 382 4037 (Platca's
403 3956 537 4023 Werke
559 3962 670 4030 volt.
687 3991 722 4057 p.
734 3969 804 4057 35.)
821 3982 999 4067 undecim,
1023 4004 1055 4056 et
1066 4018 1260 4087 argumenti

212 4123 632 4155 m*

247 4228 269 4295 ”)
285 4230 363 4284 Adde
381 4226 438 4288 cic.
456 4236 596 4323 Ouxama.
614 4244 728 4328 Quintil.
739 4250 772 4303 X.
785 4252 859 4306 aas.
1032 4345 1049 4403 ⁵

512 4326 517 4335 ‘
1013 4358 1024 4398 a

881 3470 1127 3544 nonnullorum
1148 3495 1266 3556 autem
1349 3530 1354 3537 ’
1392 3502 1394 3527 '
