2942 4875
59 437 62 444 ⁴
166 420 235 481 aas
429 409 798 476 Hirrocnarns
835 409 967 476 Cous

164 582 407 654 Macedoniam
418 594 520 669 atque
534 582 720 648 Thraciam
740 583 891 670 petiisse,
914 591 948 645 et
965 578 1136 660 Abderae,
1150 579 1204 646 Oe

165 675 223 755 ni,
247 669 406 748 Cardine,
429 670 534 757 inque
546 669 666 735 Thaso
686 672 801 733 insula
817 671 932 755 plnres
944 690 1052 732 annos
1069 688 1220 731 commo·

166 772 282 834 ratus,
305 757 409 822 Asiae
420 757 500 822 dein
511 758 654 822 minoris
697 768 767 820 arte
786 755 1045 842 septentrionali
1060 775 1218 842 peregra-

170 856 222 925 ta,
246 842 424 944 Scythiam
442 853 476 906 et
493 845 652 928 regiones
673 781 787 907 i'onto
806 854 839 907 et
854 843 1018 907 Maeotidi
1041 841 1159 928 paludi
1174 843 1223 902 ri·

164 934 265 998 cinas
288 933 461 1008 invisiss03
482 941 558 994 tum
576 932 612 995 in
624 932 770 1019 patriam
782 951 949 1005 reversus,
967 928 1124 993 docendo
1141 926 1228 990 ecri-

168 1017 355 1102 bendoque
386 1028 493 1081 artem
523 1040 626 1104 quam
650 1019 725 1104 ipse
753 1019 909 1081 exercuit
931 1022 1061 1101 magnis
1090 1015 1228 1078 anxiam

167 1105 409 1184 incrementis3
432 1119 517 1167 mox
539 1105 696 1170 Athenas
713 1105 816 1168 etiarn
841 1102 1090 1190 frequentasse,
1113 1111 1230 1164 etex-

169 1201 279 1256 trama
298 1192 388 1254 vitae
420 1203 576 1277 tempora
596 1194 633 1254 in
657 1190 852 1268 Thessalia,
887 1191 1037 1255 maxime
1059 1187 1229 1266 Larissae,

168 1279 230 1342 nbi
250 1276 317 1340 vita
339 1274 519 1340 defunctus
538 1300 609 1342 esse
627 1279 787 1356 creditur,
803 1279 1005 1362 transegisse
1017 1274 1226 1362 perhibetur.

170 1361 332 1430 Abderae
354 1360 497 1427 fortasse
518 1365 717 1429 Democrito
729 1367 896 1438 innotuit,
918 1366 956 1427 in
966 1365 1104 1449 eiusque
1122 1360 1228 1424 fami·

169 1451 353 1537 liapitatem
376 1471 449 1513 sese
472 1453 670 1516 insinuarit.
723 1451 820 1515 Haec
840 1451 913 1514 fere
942 1460 1037 1524 sunt,
1069 1469 1153 1533 quae
1184 1448 1228 1509 de

169 1537 396 1626 Hippocratis
417 1536 504 1614 vita,
527 1538 653 1624 alioqui
695 1560 795 1602 arum
814 1540 965 1620 cognita,
989 1547 1022 1598 et
1037 1534 1104 1598 hoc
1122 1534 1229 1618 magis

169 1622 344 1702 fabulosa,
366 1644 412 1688 ex
428 1625 510 1709 ipsis
534 1626 657 1689 medici
671 1560 776 1689 llutos
795 1625 927 1710 scriptis
955 1622 1073 1706 colligi
1094 1634 1135 1710 et¹
1150 1642 1228 1684 cer-

169 1712 250 1775 tiori
269 1707 336 1774 fide
357 1712 468 1774 teneri
510 1718 627 1776 oseint.
658 1709 796 1776 Fabulis
814 1724 905 1775 certe
928 1707 1227 1774 annumerandum

172 1798 327 1876 videtur,
351 1793 444 1883 quod
495 1800 702 1862 emocritnm
722 1798 764 1861 ab
781 1799 910 1864 insanie
928 1818 1077 1875 sanasse,
1100 1804 1135 1857 et
1152 1797 1228 1857 Ae·

172 1883 266 1950 ecula
291 1884 316 1947 ii
338 1880 458 1947 fenum
481 1883 705 1948 combussisse
722 1886 859 1960 dicitur,
883 1885 1061 1967 exscriptis
1082 1879 1227 1944 morbo·

172 1992 253 2062 rum
268 1905 440 2046 bisini-lis,
463 1972 599 2056 quaein
614 1971 736 2037 nbats
755 1974 877 2039 rotirie
888 1980 1063 2050 exaratae,
1084 1971 1129 2047 in,
1139 1977 1231 2033 tem·

168 2056 230 2147 plo
254 2052 329 2120 Coo
350 2059 619 2155 asservabantur.

211 2205 214 2219 ,
237 2140 420 2212 Amethcis
436 2141 646 2231 dogmaticis
659 2154 692 2208 et
709 2144 902 2234 empiricis,
922 2144 982 2230 qui
993 2142 1129 2229 utrique
1145 2158 1227 2202 eum

170 2230 271 2296 sectis
295 2230 364 2293 suis
386 2250 535 2294 asserere
556 2233 709 2296 certatim
735 2230 956 2308 studuerunt,
979 2251 1086 2314 aeque
1104 2226 1228 2290 distin-

171 2316 330 2404 guendus
346 2315 590 2402 Hippocrates,
609 2318 868 2404 Pathologiam‚
891 2318 1075 2404 praecipue
1093 2315 1228 2377 Semin-

170 2409 293 2482 ticam,
316 2399 529 2491 Therapiam
553 2426 592 2468 ac
619 2405 840 2491 Chii-urgiam
863 2404 1043 2490 insigniter
1071 2399 1225 2491 perfecit.

170 2490 399 2557 Diocletiane
409 2501 522 2555 autem
541 2493 673 2578 primus
683 2493 843 2579 idemque
860 2495 1019 2578 princeps
1031 2499 1150 2554 auctor
1162 2486 1227 2552 he-

171 2574 247 2642 beri
265 2574 382 2654 debet,
406 2577 548 2641 omnino
576 2599 615 2641 ue
631 2579 667 2641 in
682 2577 936 2664 cognoscendis,
954 2577 1145 2642 indicandis
1164 2596 1226 2637 cu·

171 2663 358 2749 randisqne
388 2660 519 2727 morbis
549 2600 828 2750 diligentissimus
858 2677 957 2752 atque
990 2658 1226 2748 sagacissimus

170 2761 314 2815 naturae
338 2749 537 2835 explorator
558 2749 640 2830 fuit,
669 2774 812 2841 eamque
833 2751 941 2816 solam
969 2748 1080 2815 ubivis
1101 2748 1224 2812 ducem

172 2859 211 2902 ec
228 2837 426 2921 magistram
450 2846 501 2901 est
520 2850 668 2902 secutur.
692 2842 772 2921 Qun
792 2839 897 2923 magis
916 2837 1112 2914 dolendum,
1133 2837 1222 2897 acri-

166 2935 234 3014 pto
242 2924 476 3010 Hippocratis,
487 2923 611 2990 Ionica
621 2926 771 2991 dialecto
783 2926 981 3010 composita,
996 2924 1074 2986 licet
1084 2914 1222 2985 LXXll

169 3021 399 3076 numerentur
429 3020 463 3073 et
489 3016 675 3095 supersint,
708 3035 819 3100 neque
847 3012 965 3076 omnio
983 3012 1159 3108 genuina,
1192 3018 1227 3070 et

169 3096 254 3185 haec
269 3098 349 3184 ipsa
367 3118 475 3183 quum
496 3105 610 3161 statim
631 3119 649 3161 e
669 3099 797 3162 summi
818 3099 881 3160 viri
902 3097 1034 3174 liberis,
1059 3093 1226 3160 Dracone

169 3194 204 3246 et
229 3180 417 3264 Thessalo,
439 3205 633 3271 generoque
662 3183 810 3273 Polybo,
838 3197 913 3249 tum
934 3184 1043 3248 multo
1071 3180 1178 3245 serius
1205 3199 1239 3262 e⁸

168 3266 381 3339 Dioscorida
411 3279 445 3332 et
476 3269 703 3337 Artemidoro
738 3271 927 3360 Capitone,
967 3276 1025 3357 qui
1053 3265 1251 3331 Hadriani*

169 3348 387 3442 temporibus
404 3348 510 3420 libros
522 3356 746 3444 Hippocratis
759 3357 970 3444 collegerunt
992 3365 1091 3440 atque
1106 3352 1226 3417 edide-

170 3451 270 3519 runt,
292 3436 394 3507 variis
406 3442 519 3507 modis
535 3455 686 3521 mutata,
703 3455 869 3546 corrupta
890 3455 923 3507 et
940 3440 1154 3530 interpolato
1169 3460 1226 3502 es·

142 3550 149 3558 ·
171 3549 221 3594 ee.
266 3524 413 3627 Spurioa
431 3539 544 3594 antem
561 3530 686 3610 libros,
709 3529 751 3594 ab
770 3532 845 3595 airis
862 3526 1059 3594 auctoribus
1078 3537 1154 3591 ante
1171 3520 1226 3589 vel

167 3625 247 3704 post
257 3615 478 3705 Hippocratis
490 3618 765 3691 nostrisetatem‚
787 3619 838 3681 rel
857 3618 1008 3680 eiusdem
1032 3636 1112 3678 cum
1128 3611 1224 3697 Hip-

166 3712 307 3791 pocrate
319 3705 482 3781 nominis,
507 3704 558 3767 rel
575 3702 838 3790 Hippocraticae
855 3703 1055 3791 disciplinae
1068 3700 1223 3775 addictis,

167 3788 222 3854 vel
242 3790 449 3861 auctoritatis
469 3791 653 3876 captandae
671 3812 770 3853 causa
784 3791 847 3853 sub
865 3789 1089 3878 Hippocratis
1107 3783 1224 3848 nomi·

165 3897 212 3940 ne
235 3874 427 3955 latentibus,
448 3876 638 3962 profectam
661 3898 809 3963 quornm
824 3897 987 3962 magnum
1004 3883 1222 3967 proventum,

170 3960 304 4025 Galeno
324 3968 428 4042 teste,
458 3962 734 4035 Ptolemaeorum
758 3973 791 4025 et
812 3963 1012 4028 Attalorum
1039 3981 1160 4045 regum
1185 3957 1225 4018 iu

169 4048 364 4113 coemendis
386 4046 512 4113 medici
536 4050 601 4117 Coi
625 4049 787 4136 operibns
811 4052 1017 4113 acerrimum
1040 4045 1129 4111 fudit
1149 4055 1224 4106 stu-

170 4136 267 4203 dium
287 4136 586 4228 etaemnlati05-
607 4142 742 4229 spurios
758 4137 841 4222 hoe,
861 4137 1022 4227 iuquam,
1045 4150 1224 4207 commen:
