2942 4875
204 461 208 472 .
254 427 322 500 216
494 426 677 494 Prrnnss
699 426 860 493 Missis,
880 423 1091 491 Nemesos

245 593 378 666 'rodem
406 597 507 686 longe
538 601 769 688 superiorem,
801 596 858 663 alii
887 596 1080 665 Alexandri
1110 595 1313 666 Msceslonis

255 685 468 773 temporibus
486 687 661 773 aequalem
683 686 789 753 fuisse
806 685 930 753 relints
953 684 1052 750 nobis
1068 694 1181 748 nmen
1197 687 1314 751 mui-

253 795 312 837 sne
336 773 501 860 probatur
521 776 609 840 ratio
622 773 859 840 Menecrates
880 773 1019 863 Hugis',
1041 772 1103 858 qui
1126 781 1202 836 soto
1221 772 1312 873 Sep·

254 860 386 940 lacem,
410 862 567 948 priorum
581 882 703 946 regum
716 861 937 927 Persicorum
959 868 1066 925 setsto
1081 878 1162 923 enm
1176 854 1311 922 floruis-

255 969 291 1012 se
308 947 535 1035 suspicentur.
585 948 732 1015 Codices
752 948 874 1035 peripli
887 945 1069 1012 Hannonis
1081 965 1189 1030 seque
1209 965 1310 1030 perro

254 1045 391 1098 exstant
415 1056 560 1100 numero
581 1055 685 1121 qnsm
705 1036 867 1123 Scylacis.
912 1033 1103 1100 Editiones
1127 1033 1311 1118 precipuas

254 1132 354 1185 sunt.-
372 1120 508 1187 Abrnls.
521 1121 687 1201 Berkelis',
710 1144 831 1208 graece
847 1130 880 1188 et
895 1122 1019 1200 latine,
1040 1141 1083 1184 ex
1102 1119 1207 1183 Conr.
1228 1119 1320 1185 Ges·
1366 1181 1369 1190 ,

253 1211 335 1273 neri
355 1209 531 1282 versione,
556 1231 624 1273 una
639 1230 718 1271 oum
737 1208 911 1296 Stephano
925 1207 1102 1294 Byzantio,
1113 1204 1230 1289 Lngd.
1243 1205 1320 1270 Bet.

256 1295 353 1380 1670.
369 1313 468 1357 12.-
489 1296 662 1360 Hudsons'
674 1295 711 1358 in
724 1283 940 1380 Geographis
961 1293 1103 1357 Graccis
1124 1292 1320 1356 minoribus

254 1379 337 1447 Vol.
349 1381 375 1444 l.
387 1423 430 1437 -
444 1402 523 1445 cum
544 1387 702 1446 versione
713 1384 900 1471 hispanica
911 1392 944 1445 et
967 1381 1111 1467 copioso
1126 1377 1322 1442 Commen-

252 1472 341 1531 tsn’o
378 1467 479 1533 Petri
508 1468 603 1534 Redi
630 1492 691 1533 uer
718 1470 974 1557 Cnmpomanes
997 1468 1049 1530 in:
1082 1463 1323 1552 Antiguedad

252 1553 441 1624 maritimo
465 1555 509 1620 cle
529 1556 566 1620 la
617 1550 1317 1644 epublicodeCortogo,Modriti1756-

255 1640 288 1705 8.
313 1637 369 1704 cf.
384 1640 521 1705 Harles.
545 1643 587 1705 sd
608 1641 741 1708 Febris.
762 1642 806 1706 T.
820 1642 846 1708 Ι.
869 1664 900 1729 p.
911 1641 1020 1727 37.-
1041 1660 1122 1703 cum
1138 1643 1223 1702 veis.
1247 1661 1318 1703 on·

249 1726 350 1815 glires
368 1727 526 1813 notisque
550 1751 568 1791 n
597 1728 732 1794 Thomu
748 1729 941 1806 Fnlkoner,
964 1725 1124 1791 Oxonine
1136 1723 1321 1812 1797.8.-

251 1813 654 1966 poniqueglpLstugii
675 1815 779 1882 editio
797 1839 826 1881 c.
846 1825 1014 1881 annotatt.
1034 1824 1068 1879 et
1088 1811 1216 1878 introd.
1239 1810 1322 1877 Fri·

277 1922 318 1964 ur
342 1924 355 1966 1
385 1923 399 1965 s
424 1918 446 1965 0
470 1912 523 1968 ds.

318 1922 659 2053 llommemorsndus
684 1989 787 2052 etism
811 1988 964 2077 &theses
993 1982 1235 2063 Massiliensis,
1257 1982 1320 2071 qni

253 2068 445 2139 Alexandri
461 2073 664 2140 Macedonis
682 2077 820 2140 circiter
844 2075 1061 2159 temporibus
1081 2071 1218 2147 floruit,
1241 2070 1319 2159 pri-

253 2181 399 2247 musque
415 2157 553 2247 Geogra
582 2161 709 2228 horum
730 2161 835 2228 fnisse
852 2161 1007 2239 videtur,
1030 2160 1089 2248 qui
1106 2160 1319 2223 sstronomi·

256 2268 313 2311 css
341 2247 490 2312 rationes
521 2270 540 2311 o
586 2247 678 2313 orbis
695 2258 873 2315 terrerum
904 2261 988 2312 tunc
1009 2248 1084 2311 noti
1106 2244 1314 2332 descriptio·

64 2418 76 2445 θ
134 2321 140 2340 “
254 2355 336 2400 nem
368 2335 563 2401 unirsrssm
600 2335 789 2405 adhiberet,
833 2336 986 2403 Messilis
1011 2332 1211 2421 profectus,
1243 2340 1315 2395 tote

253 2420 415 2508 Europes
438 2412 656 2489 occidentalis
674 2446 736 2489 ora
753 2424 1056 2508 circumnavigata,
1079 2422 1115 2485 in
1135 2437 1231 2484 more
1252 2414 1316 2483 scl-

250 2530 293 2573 eo
325 2507 495 2572 leticnm
570 2511 722 2578 rrcnisse
757 2511 893 2576 dicitnr.
949 2510 1017 2574 Sed
1044 2506 1180 2598 peripls'
1211 2524 1315 2591 quem

251 2597 387 2683 scripsit
411 2594 477 2689 dep
543 2596 580 2662 ‘ti
616 2617 689 2663 uon
709 2608 791 2663 sunt
819 2603 884 2663 nisi
907 2594 1100 2684 fragments
1122 2603 1255 2657 serrots
1292 2610 1313 2655 s

254 2681 440 2763 Strabone,
463 2681 577 2749 Plinio
602 2682 675 2749 aliis
700 2705 764 2763 ¹103
786 2686 824 2750 in
847 2684 987 2773 quibus,
1010 2683 1102 2746 inter
1121 2680 1231 2744 mults
1257 2674 1314 2742 ss·

256 2767 392 2844 belone,
414 2779 455 2831 ut
474 2768 516 2833 de
534 2770 644 2837 insule
701 2771 799 2851 tute,
822 2792 926 2859 quam
947 2769 1006 2834 slii
1028 2766 1232 2845 lslsndism,
1256 2763 1318 2829 alii

192 2934 196 2943 1
253 2852 296 2918 de
316 2855 508 2942 Norvegiee
531 2879 592 2923 ors
616 2858 889 2946 septemtrionali
911 2858 1203 2942 interpretentur,
1223 2849 1318 2916 haud

250 2960 359 3030 pauco
383 2952 500 3007 manen
519 2946 669 3009 veritatis
686 2947 909 3034 reperiuntur
934 2945 1089 3029 vestigio.

317 3025 368 3095 At
398 3031 713 3116 peregrinationum
743 3032 810 3096 hoc
837 3042 872 3098 et
898 3024 1125 3118 navigationis
1157 3024 1317 3091 studium

252 3113 351 3184 nullo
372 3121 480 3203 magis
494 3126 650 3204 tempore
669 3119 879 3194 increbruit,
903 3138 1007 3206 qusm
1026 3136 1095 3205 quo
1112 3110 1317 3179 Alexsuder

252 3211 373 3267 contre
396 3202 516 3268 Persas
545 3203 720 3290 ludosque
747 3204 923 3294 proiectus
950 3214 1034 3268 erat.
1076 3200 1133 3267 Ex
1164 3220 1233 3287 quo
1262 3206 1317 3263 tot

249 3288 469 3441 periplo'rum
502 3300 537 3353 et
557 3300 727 3358 terrorum
757 3292 1045 3380 descnptionnm,
1072 3299 1126 3354 tot
1146 3288 1189 3352 de
1209 3286 1316 3350 rebus

272 3377 380 3441 udicis
401 3377 611 3462 scriptorum
631 3399 796 3444 uumerus
817 3379 998 3445 succrevit
1042 3373 1224 3460 Inquibus
1244 3391 1314 3434 no-

252 3461 411 3527 bilissimi
429 3475 510 3527 sunt
527 3464 765 3546 Dn‘s'mnclsus,
788 3465 1056 3555 Megasthenes,
1084 3459 1311 3537 Onesicritus,

250 3571 402 3639 quorum
421 3560 635 3615 tamencum
658 3552 849 3617 innumeris
866 3551 938 3617 eliis
956 3552 1098 3638 scripte,
1120 3546 1311 3614 miraculo·

248 3658 330 3705 rum
342 3646 376 3700 et
387 3636 585 3703 fabularum
598 3638 806 3726 plenissima,
820 3639 1080 3706 interciderunt.
1103 3632 1180 3724 Ipse
1194 3630 1310 3696 Alex-

251 3724 380 3801 ander,
403 3734 545 3791 naturae
569 3727 743 3805 curiosus,
766 3726 1029 3813 navigationem.
1048 3743 1110 3811 per
1131 3720 1247 3787 Indiae
1268 3738 1312 3779 o-

248 3833 324 3879 rum
350 3810 518 3891 instituit,
541 3821 576 3875 et
598 3812 804 3880 Nearchum
826 3826 909 3898 (non
932 3810 1184 3883 Onesicritum,
1206 3804 1310 3871 unius

247 3907 384 3964 tentum
401 3898 494 3963 naris
514 3897 746 3988 praefectum,
770 3913 808 3964 nt
822 3919 1024 3989 perperam,
1046 3906 1125 3961 snts
1145 3894 1310 3969 Plinium,

247 3983 354 4050 refert
375 3986 502 4051 Seuere
536 3986 579 4049 cle
603 3984 854 4062 BeneiVlIA.
884 3980 1120 4070 nlluhlropfio
1153 3988 1228 4046 inre
1249 3999 1309 4042 re·

246 4071 457 4164 prehensus)
480 4072 599 4138 classis
623 4072 837 4162 preelectum
855 4070 901 4140 A.
914 4071 1065 4139 cusae.
1074 4069 1119 4134 A.
1143 4065 1309 4134 inOces-

248 4179 335 4228 uum
354 4159 514 4228 lodicum
535 4159 640 4229 misit.
674 4160 782 4229 Cuius
801 4160 979 4253 Periplum
995 4157 1132 4226 soeculo
1145 4157 1213 4223 llus
1230 4159 1310 4243 poet
