2942 4875
382 554 525 604 namen
548 552 713 604 erumna
739 552 846 604 rann
868 551 1033 602 cunnum
1183 536 1226 603 55

185 716 318 780 darent.
364 707 468 776 Tales
489 710 609 788 fuisse,
633 719 767 799 praeter
781 712 919 791 dictos„
931 713 1123 799 accepimus
1141 710 1230 777 Ter-

177 802 357 893 pandrum
366 799 543 875 Lesbium,
552 801 647 863 cuins
658 799 859 883 Fragmenta
871 822 982 884 nuper
990 798 1128 884 collegit
1139 799 1229 867 doct.

190 888 245 955 W
244 887 411 960 elckerua,
449 884 637 951 Thaletem
661 886 877 967 Cretensem,
913 890 1062 954 Clanum
1091 887 1232 950 Tacta-

184 997 270 1040 num
299 973 368 1036 sive
408 970 596 1060 Tegeatem
627 995 670 1036 ex
693 974 859 1048 Arcadia,
893 975 1061 1038 Arionem
1088 974 1233 1059 Mady-

185 1081 365 1135 mnaeum,
388 1059 490 1136 alios,
514 1061 573 1144 qui
592 1082 712 1124 omnes
729 1072 808 1147 post
826 1059 997 1123 (hilinum
1016 1072 1048 1123 et
1068 1061 1233 1124 Arclnlo«

186 1145 290 1209 chum
311 1145 479 1222 lloruere,
507 1150 569 1210 etsi
589 1147 853 1230 nonnullorum,
883 1160 921 1211 ut
938 1147 971 1210 Τ
974 1147 1152 1234 erpandri,
1176 1169 1233 1210 na-

184 1240 235 1296 tas
254 1245 471 1296 controversa
496 1242 555 1295 est.
587 1233 630 1296 cf.
644 1233 818 1297 Liebelins
838 1235 872 1295 in
894 1256 1018 1312 comm.
1042 1235 1084 1296 de
1103 1232 1234 1298 Arrhi-

184 1317 275 1384 lochi
294 1321 361 1385 vita
381 1318 405 1409 l.
419 1319 477 1383 llI.
508 1341 539 1405 p.
555 1329 656 1406 8sqq·
681 1317 884 1384 Curminum
900 1332 1012 1384 antem
1032 1321 1234 1407 lyricorum,

189 1429 276 1492 qnae
301 1418 376 1469 tum
403 1406 532 1469 laudati
554 1408 689 1492 poetae,
724 1418 799 1468 tum
822 1408 882 1493 qni
904 1407 1061 1493 deinceps
1080 1430 1236 1470 eommo-

186 1494 439 1569 morabuntnr,
471 1494 607 1556 musicis
630 1492 864 1576 temperabant
885 1494 1012 1573 modis,
1041 1496 1147 1557 mulla
1174 1516 1237 1578 ge-

187 1602 272 1644 nera
291 1589 325 1642 et
339 1577 595 1658 l'ormael'nere,
618 1580 761 1643 diversis
772 1580 985 1655 nominibus,
1010 1602 1094 1665 quae
1107 1579 1236 1644 Gram-

188 1666 306 1731 matici
324 1664 583 1752 explicuerunt,
607 1664 801 1744 distinctae,
825 1667 881 1729 sed
899 1685 1043 1752 quarum
1066 1665 1238 1729 discrimi-

190 1774 254 1828 na,
277 1753 314 1816 in
335 1751 399 1815 hac
422 1762 515 1815 tanta
540 1752 730 1840 lyricorum
751 1753 948 1838 poematum
972 1764 1101 1836 strage,
1136 1775 1239 1815 accu-

190 1840 298 1903 ratius
316 1839 545 1904 internoscere
559 1846 616 1903 vix
635 1840 723 1906 licet.
769 1839 861 1902 Nam
884 1850 1018 1926 praeter
1029 1839 1240 1924 generaliora

191 1927 351 2004 nomina,
367 1928 461 2010 μέλη,
473 1924 568 2017 ᾠδαὶ,
579 1923 854 2015 ᾄσματα,νο’μοι,
869 1925 1154 2011 fernntnrilproa‚
1173 1927 1238 2013 iap-

192 2011 312 2098 aipvm,
345 2017 524 2099 προοίμια,
556 2014 734 2089 παιᾶνες
763 2035 863 2075 sensu
884 2013 1074 2086 strictiore,
1115 2011 1242 2100 hymni

191 2106 231 2166 in
255 2100 453 2185 Apollinem
474 2099 644 2163 malorum
669 2120 918 2174 averruncum,
954 2096 1122 2184 uterinae,
1156 2100 1241 2164 item

192 2186 235 2251 ad
256 2186 447 2273 Apollinis,
479 2197 552 2251 tum
577 2186 620 2248 ad
643 2186 789 2250 aliorum
814 2187 958 2251 deorum
979 2187 1117 2251 landem
1143 2208 1242 2249 com-

189 2274 312 2364 positi,
346 2271 618 2361 διθύραμβοι
637 2269 674 2334 in
695 2271 892 2346 Bacchum,
926 2274 1113 2358 dequibus
1137 2272 1242 2337 utdo

193 2361 311 2426 aeoliis
334 2359 438 2448 paulo
462 2370 541 2447 post
561 2358 769 2436 videbimus,
805 2357 979 2441 σκόλια,
1001 2357 1166 2444 πάροινα,
1189 2358 1243 2425 iri·

193 2448 330 2533 βακχοι;
363 2443 525 2532 ἐγκώμια,
557 2446 706 2525 ἔπαινοι,
741 2439 861 2522 ἆθλα,
894 2449 1086 2514 ἐπινίκια
1113 2448 1153 2511 ad
1180 2446 1244 2511 he-

195 2555 299 2599 roum
322 2545 355 2596 et
382 2536 551 2597 victorum
582 2533 737 2615 laudem,
760 2531 1061 2622 ὑπορχήματα,
1095 2534 1242 2612 chorico,

200 2620 385 2684 comitante
403 2622 541 2684 mimica
554 2619 727 2683 saltatione
740 2622 931 2699 decantata,
956 2621 1132 2697 Pindari,
1151 2622 1245 2686 Bac·

199 2706 364 2792 chylitlia,
395 2707 599 2772 Xenodami
619 2725 649 2767 v.
663 2707 791 2770 Athen.
807 2705 907 2772 XIV.
924 2728 990 2787 rm,
1022 2707 1182 2793 προςόὸια
1207 2708 1245 2772 in

194 2791 393 2879 Apollinem
416 2804 449 2857 et
462 2795 628 2873 Dianam3
650 2790 838 2879 ἐμβατήρια
854 2796 924 2859 sire
938 2794 1153 2881 ἑπιβατὴρια,
1171 2794 1245 2857 bel-

197 2880 264 2946 lica
286 2883 453 2956 carmina,
477 2903 496 2943 a
516 2879 666 2965 Tyrtaeo
685 2889 718 2942 et
737 2881 869 2945 Alcaeo
890 2880 1073 2959 celebrata,
1106 2883 1244 2967 θρῆνοι,

202 2969 431 3057 &prepotens
449 2966 639 3047 ἐπικὴὃιια,
671 2978 791 3030 cantus
821 2968 1001 3056 lugubres,
1034 2969 1183 3032 maxime
1203 2967 1246 3031 nd

200 3053 444 3119 defunctorum
475 3054 664 3131 honororn3
706 3053 848 3141 ἐρωτικοί
880 3055 1043 3119 amatoria
1075 3056 1248 3134 carmina,

201 3144 375 3227 παρθένια
399 3164 417 3205 a
445 3141 617 3225 virginum
642 3139 749 3205 choro
780 3144 857 3206 cani
881 3142 999 3219 solita,
1037 3139 1177 3206 παιδικά
1209 3145 1248 3204 in

201 3249 328 3316 pueros
347 3239 496 3307 amatos,
529 3228 669 3310 παίγνια
687 3228 800 3303 lusum
833 3230 909 3292 deni
935 3250 978 3291 ue
996 3230 1162 3304 carmina,
1194 3225 1249 3289 vol
1347 3279 1349 3283 .

202 3316 395 3399 argumenti
413 3316 465 3378 vel
483 3313 583 3377 metri
598 3316 728 3379 ratione
747 3312 877 3390 habita,
900 3254 941 3379 alr
961 3336 1080 3379 eorum
1097 3314 1249 3377 auctori-

202 3399 266 3465 bus
288 3405 520 3477 denominata,
543 3399 809 3478 Anacreonten,
833 3402 1086 3491 Asclepiaden,
1121 3400 1250 3477 Glyco-

203 3490 285 3567 nin,
316 3488 579 3554 Phalaeciacet.
603 3504 634 3549 v.
648 3485 747 3551 Ααίίἱ
769 3484 958 3552 Grundriss
976 3489 1036 3550 der
1057 3472 1250 3569 Philologie

205 3577 232 3665 §-
245 3576 296 3662 39.
315 3596 349 3660 p.
360 3582 401 3663 93
410 3572 709 3726 sqffioo-ro&
733 3572 883 3658 Ilgenins
905 3575 945 3638 de
964 3574 1078 3638 Carm.
1103 3571 1247 3638 Conviv.

208 3659 373 3728 Graecor.
398 3682 431 3748 p.
559 3680 630 3747 sqq.
653 3659 862 3728 Molmikiua
882 3662 905 3728 1.
917 3662 941 3727 l.
958 3685 993 3752 p.
1003 3660 1185 3727 ὅου-505.

680 3830 705 3923 l.
730 3832 782 3925 39.

275 4010 436 4076 Ceterum
453 4007 517 4073 flos
537 4004 664 4070 horum
679 4009 858 4093 poetarum
885 4006 927 4070 ab
949 4029 989 4072 eo
1010 3994 1080 4073 fere
1099 4018 1252 4093 tempore

209 4097 346 4185 incipit,
378 4119 444 4184 quo
461 4098 591 4183 epicam
608 4096 728 4181 poe'sin
745 4098 859 4160 minus
880 4096 949 4158 inm
970 4093 1179 4182 frequentari
1197 4094 1253 4158 vi-

212 4186 344 4261 dimus,
367 4195 400 4248 et
417 4185 508 4249 intra
530 4183 695 4335 temporis
712 4183 860 4269 spatium
883 4182 1108 4246 ducentorum
1124 4181 1159 4245 vi
1184 4179 1255 4243 inti

212 4272 347 4339 circiter
363 4294 550 4353 annorum,
583 4292 602 4337 a
641 4268 785 4361 Olymp.
803 4266 954 4337 XXVII.
971 4268 1014 4335 ad
1025 4268 1095 4336 Lx
1206 4286 1254 4332 .a.
