2942 4875
594 397 856 449 nasorcen
1205 394 1249 465 79

194 559 235 624 in
254 549 411 622 Hesiodi
431 554 584 619 carmine
598 553 683 644 (Op.
702 566 737 618 et
750 552 964 636 D.203-211)
987 551 1148 638 reperiri,
1169 549 1250 614 elias

198 647 237 712 in
260 643 467 709 Archilochi
481 642 675 708 carminum
695 639 894 725 fragmentis
912 637 978 724 legi
993 638 1034 728 (i.
1050 639 1103 727 37.
1125 639 1248 788 psa?

204 751 308 818 quem
330 741 513 816 utrumque
534 730 689 829 poetam,
723 733 874 792 maxime
894 726 1064 813 priorem,
1094 747 1215 813 permu

199 821 245 883 tis
270 815 367 878 aunis
395 830 471 881 ante
493 815 597 880 iiusse'
614 838 717 880 nemo
739 817 884 900 ignorat.
931 812 1250 901 Stesicltori(p.59)

201 908 287 971 item
312 900 464 967 tabulam
483 904 527 968 de
547 926 633 1053 efran
652 899 914 966 Himer‘ensibus
936 902 1112 965 recitatam
1130 922 1172 963 ex
1194 900 1249 963 A·

200 990 354 1057 ristotele
383 989 543 1079 (Rhetor.
582 992 605 1053 l.
627 991 697 1080 20.)
730 988 966 1074 cognovimus.
1021 989 1155 1074 Aesopi
1190 1008 1250 1051 ve-

199 1101 241 1145 ro
265 1077 372 1165 ipsius
391 1082 480 1152 vita,
504 1099 605 1164 quam
623 1099 744 1162 graece
757 1075 1148 1163 conscripsisseputatur
1160 1074 1250 1138 Ma-

201 1172 317 1232 ximus
341 1163 537 1238 Planudea,
561 1165 653 1228 Sacc.
679 1163 769 1228 XIV
792 1165 940 1248 scriptor
960 1161 1166 1238 monachus,
1190 1161 1251 1224 ab·

202 1251 314 1317 surdis
337 1254 543 1314 commentis
562 1251 780 1337 plenissima,
805 1251 900 1314 omni
922 1245 989 1310 fide
1011 1259 1045 1312 et
1064 1249 1251 1311 auctorita-

200 1350 237 1402 te
259 1338 462 1416 destituitur,
508 1337 688 1401 Herodoto
705 1347 789 1398 teste
804 1337 861 1423 (li.
888 1334 962 1415 134)
979 1334 1138 1424 Aesopia
1148 1335 1251 1399 Xan·

202 1424 257 1488 thi
275 1420 451 1486 cuiusdam
471 1422 578 1485 Sentii
598 1445 716 1486 servus
733 1421 817 1500 tuit,
847 1434 880 1485 et
903 1420 1075 1486 ladmonis
1096 1422 1250 1500 libertus,

205 1509 358 1583 Croeso,
381 1507 565 1593 Lydorum
588 1509 678 1594 regi,
704 1509 872 1593 imprimis
894 1518 1063 1596 acceptus.
1094 1506 1250 1594 vDelphis

205 1607 320 1661 eutem
348 1593 495 1657 violenta
516 1604 626 1657 morte
652 1597 798 1683 periisse·
820 1596 958 1658 dicitur.
1002 1595 1097 1659 Hinc
1116 1593 1251 1658 Solonis

205 1693 244 1745 et
267 1678 334 1743 Vll
355 1679 555 1765 Sepieutum
580 1682 745 1768 aequalis,
768 1681 857 1746 circa
880 1677 1251 1767 Olymp.1,11.a.0h.

207 1770 283 1854 570.
312 1764 469 1831 floruisse
500 1768 668 1853 putandus
691 1780 751 1832 est.
819 1767 980 1833 Fabulae
1003 1775 1139 1843 autem,
1169 1789 1188 1831 a
1216 1787 1253 1830 se

209 1854 433 1954 ercogitatas,
456 1875 568 1939 neque
590 1856 719 1921 litteris
740 1855 943 1926 mundasse,
967 1874 1092 1939 neque,
1130 1862 1169 1917 ut
1188 1874 1254 1916 uo-

207 1940 272 2007 ctri
289 1961 382 2004 nunc
405 1940 636 2021 fabulatores,
658 1964 774 2007 merce
791 1940 1028 2006 oblectationis
1048 1949 1107 2002 aut
1121 1940 1255 2024 ingenii

207 2026 402 2093 ostentandi
429 2050 549 2106 causa,
583 2028 641 2092 sed
671 2051 715 2093 ex
738 2049 776 2091 re
792 2039 886 2105 nata,
909 2038 949 2090 ut
968 2027 1189 2113 popularibus
1212 2026 1255 2090 ed

205 2114 275 2180 hoo
302 2114 355 2177 vel
382 2113 468 2179 illud
499 2115 670 2203 agendum
705 2114 975 2179 omittendumve
1003 2126 1123 2178 auctor
1146 2111 1255 2193 fieret,
1305 2155 1308 2162 ,

206 2201 367 2267 recitasse
387 2201 533 2266 videtur.
587 2202 671 2266 Vid.
703 2201 910 2267 Aristoteles
942 2198 985 2262 de
1010 2199 1110 2263 Rhet.
1134 2200 1176 2265 ll.
1200 2218 1253 2265 ao.

210 2288 261 2352 16.
287 2286 461 2352 Phaedrus
479 2290 516 2351 in
533 2287 601 2353 fab.
624 2288 666 2352 de
685 2289 779 2351 renis
800 2311 915 2375 regem
932 2285 1138 2374 petentibus.
1156 2286 1255 2351 Plato

206 2373 244 2440 in
262 2371 446 2439 Phaedone
468 2372 613 2463 p.60sq.
664 2373 744 2455 Quo
767 2375 888 2440 ultimo
910 2373 989 2437 loco
1018 2372 1110 2460 quod
1131 2374 1255 2439 Socra-

208 2472 281 2539 tes,
305 2480 440 2525 carcere
457 2461 629 2537 inclusus,
652 2460 786 2526 fabulas
802 2462 936 2549 Aesopi
947 2462 1099 2526 versibus
1115 2482 1257 2546 expres-

171 2602 173 2606 ,
211 2550 295 2615 sisse
323 2546 468 2625 dicitur,
491 2560 694 2635 argumento
718 2570 789 2612 esse
807 2548 959 2623 videtur,
987 2569 1059 2611 non
1077 2558 1190 2612 actum
1218 2571 1258 2613 a·

212 2654 295 2721 gere
316 2634 463 2699 voluisse
484 2635 750 2723 philosophum,
772 2637 830 2699 sed
849 2657 931 2720 quas
948 2632 1083 2698 dudum
1092 2635 1259 2699 memori-

210 2732 265 2786 ter
285 2722 461 2798 tenuisset,
484 2733 595 2785 metro
618 2724 783 2800 vinxisse,
805 2722 952 2785 necdum
965 2722 1109 2785 omuino
1132 2722 1258 2810 scripta

212 2805 613 2897 tumtemporisfortasee
624 2810 795 2874 exstitisse
805 2798 1266 2893 fabularumharumcxcm-v

213 2892 355 2982 pieria‘
380 2897 461 2976 Quo
486 2897 601 2961 minus
621 2897 808 2971 mirentur,
831 2905 884 2972 et,
907 2894 1078 2981 quodiam
1095 2896 1259 2959 antemo-

213 2982 370 3058 nuimus,
393 2982 502 3053 multo
521 2985 633 3070 plures
644 2982 776 3049 fabulas
797 2982 886 3069 apud
905 2980 1049 3046 seriores
1069 3003 1134 3067 pro
1147 2985 1261 3046 Aeso-

213 3073 287 3156 peis
308 3067 427 3133 haberi
443 3069 618 3151 debuisse,
650 3090 754 3156 quam
773 3089 810 3132 re
832 3090 908 3135 vere
929 3066 970 3132 ab
987 3090 1028 3131 eo
1053 3088 1139 3132 exco
1165 3069 1259 3133 itatas

179 3197 184 3207 -
213 3175 287 3218 esse
312 3154 449 3220 credere
465 3155 566 3235 licet,
589 3169 623 3221 et
643 3155 855 3233 fabularum,
878 3177 963 3241 quae
987 3177 1080 3218 nunc
1100 3090 1163 3217 sui)
1185 3156 1264 3219 Ae-'

214 3240 290 3326 sopi
308 3242 449 3306 nomine
469 3242 650 3329 leguntur,
671 3240 804 3306 nullam
819 3243 898 3331 ipsa
909 3241 1132 3329 fabolotoria
1146 3241 1262 3319 verba,

215 3328 340 3413 quibus
359 3338 434 3403 tum
455 3350 537 3397 usuc
552 3330 678 3411 fuerit,
702 3349 811 3416 quum
827 3350 904 3394 eam
929 3328 1064 3417 primus
1081 3330 1261 3407 recitaret,

215 3420 500 3504 repraesentare?

250 3562 409 3671 {astringit
437 3592 715 3672 tracteturquinqne
741 3588 777 3642 de
795 3588 1042 3671 iebutne'natara,
1070 3589 1185 3652 indole,
1210 3607 1264 3671 usn

322 3669 376 3739 ⁶¹⁰·-
395 3662 687 3783 ttrutttttt
701 3658 1264 3796 {retrituratur'trust

321 3727 432 3876 giech.
452 3797 487 3850 K.
506 3799 585 3854 T.V.
606 3818 632 3868 p.
645 3796 704 3868 269.
717 3825 746 3839 ·-
760 3795 912 3876 ‘Huschiii
929 3798 1041 3849 dissert.
1064 3800 1100 3848 de
1119 3795 1192 3852 sabb.
1210 3798 1264 3853 Ar.

321 3866 447 3924 ohdochi
464 3874 493 3923 in
512 3870 547 3925 t;
563 3867 701 3925 Matthire
724 3865 809 3923 Mese.
829 3863 966 3938 Philotog.
988 3865 1054 3926 Vol.
1070 3865 1094 3921 1.
1114 3882 1158 3937 pr.
