2942 4875
355 434 630 487 sncnmocnvs.
662 431 860 487 amomum
883 434 1101 497 intonamus
1206 418 1250 486 53

232 615 276 659 ne
314 606 529 659 nervorum“
563 593 738 680 paedieat
771 592 1004 673 Quintilianus
1034 590 1094 673 (X.
1121 614 1148 657 1.
1167 591 1247 682 59.).

182 620 432 749 .i)icacitatem
462 702 540 745 vere
602 678 786 758 rohiloehi,
828 681 1009 770 satyricam
1043 679 1249 758 irrisionem,

208 791 274 854 qua
294 767 474 844 excelluit,
507 777 541 831 et
561 768 773 848 iamborum,
807 789 890 853 quos
914 766 1018 842 fudit,
1041 765 1250 831 maledicen-

205 857 291 919 tiam
312 854 515 918 virulentam
533 865 674 918 testatur
692 855 842 920 narratio
864 853 1095 937 vulgatissima
1116 852 1158 916 de
1173 875 1250 918 sus-

205 939 332 1027 pendio
344 941 537 1031 Lycambeo
553 939 695 1027 eiusque
706 941 798 1005 filiae
811 939 1003 1012 Neobulae,
1028 961 1139 1025 quam.
1162 940 1249 1027 po'e'-

112 1065 117 1072 .
207 1038 262 1090 tae
289 1038 364 1089 ante
389 1030 642 1114 desponsatam,
672 1041 771 1116 pater
791 1026 949 1112 perfidas
971 1027 1088 1102 alteri,
1121 1046 1247 1111 genere

208 1111 403 1178 fortasseet
420 1137 440 1178 o
468 1115 544 1178 ihus
563 1115 878 1201 praestantiori‚'in
897 1113 1154 1176 matrimonium
1174 1112 1249 1175 col-

205 1198 375 1265 locaverat
395 1221 428 1265 v.
456 1203 458 1207 ’
480 1213 564 1264 orat.
583 1202 695 1288 Epod.
713 1203 773 1268 Vl.
790 1203 837 1265 13.
854 1202 940 1287 Epp.
954 1199 979 1265 Ι.
998 1199 1108 1282 1930.
1132 1199 1174 1263 ad
1187 1200 1248 1263 Pi-

206 1310 282 1351 son.
299 1308 347 1376 79.
379 1286 480 1350 Unde
498 1289 724 1372 Archilochia
745 1290 801 1350 illa
822 1287 937 1351 Bibuli
960 1289 995 1348 in
1016 1286 1141 1350 lulium
1159 1284 1249 1348 Cae-

205 1396 315 1436 sarem
335 1375 450 1438 edicta
466 1373 556 1440 aund
574 1372 776 1438 Ciceronem
792 1375 876 1458 tipp.
892 1372 1100 1438 aestuati.
1113 1395 1164 1436 ar.
1181 1395 1248 1474 qua
1306 1397 1310 1406 ’

203 1463 337 1525 ratione
359 1459 536 1536 dicantur,
561 1458 660 1523 facile
676 1462 854 1546 intelligas.
879 1458 947 1522 lam
962 1466 1150 1524 carminum
1176 1480 1252 1522 etus

205 1568 289 1638 quas
305 1547 378 1609 dixi
406 1546 585 1632 reliquias,
615 1553 711 1636 quasi
739 1546 862 1610 laceras
885 1570 903 1610 e
923 1567 1047 1629 magno
1069 1543 1247 1633 naufragio

167 1701 170 1706 ,
205 1631 357 1706 tabulas,
380 1633 607 1716 collegerunt,
639 1644 715 1718 post
732 1633 777 1697 H.
798 1632 1026 1718 Stephanum,
1049 1642 1082 1693 et
1098 1632 1249 1695 illustra·

203 1730 291 1785 runt
313 1718 505 1781 Brunckius
534 1721 569 1780 in
594 1718 767 1784 Analectis
792 1720 835 1784 T.
848 1720 873 1782 l.
893 1744 926 1806 p.
939 1727 991 1782 lto.
1012 1715 1191 1786 ⁴Iacobsius
1211 1724 1250 1782 in

204 1805 420 1891 Anthologia
441 1805 484 1867 Τ.
496 1804 522 1868 Ι.
534 1815 568 1868 et
579 1806 639 1870 Vl.
664 1808 694 1870 Ι.
725 1807 769 1872 G.
784 1805 991 1871 Hnselrkius
1011 1810 1045 1867 in
1060 1804 1189 1870 dissert.
1207 1804 1249 1870 de

204 1888 331 1955 fabulis
348 1890 570 1965 Archilochi,
592 1890 796 1976 Altenhurg.
817 1893 909 1957 1803.
932 1902 960 1958 8.
986 1901 1019 1953 et
1036 1895 1073 1953 in
1090 1892 1134 1953 A.
1154 1892 1248 1954 Mat-

204 1977 297 2041 thiae
323 1979 422 2042 Misc.
453 1978 622 2063 Philolog.
652 1979 798 2066 T.l.pr.
832 1978 998 2061 singulari
1020 1989 1133 2040 autem
1158 1977 1246 2044 libro

189 2061 383 2150 'diligenter
402 2066 527 2150 scripto
546 2089 655 2153 nuper
666 2066 832 2155 ignotius
842 2065 1021 2130 Lieheliua
1042 2085 1119 2127 cum
1135 2086 1248 2137 annos

201 2161 274 2216 tau.
295 2162 328 2213 et
347 2154 533 2239 praemissa
550 2154 591 2217 de
610 2155 679 2220 vita
698 2164 731 2217 et
747 2155 878 2236 scriptis
896 2153 1014 2240 poetae
1031 2162 1246 2238 commenta-

199 2244 294 2306 tione
305 2237 438 2324 Lipsiae
454 2240 543 2304 rllra.
554 2240 772 2305 octonismai.
796 2240 831 2302 N
834 2240 1056 2302 onnullorum
1068 2236 1246 2324 fragmen-

200 2335 320 2392 torum
338 2327 510 2389 versiones
530 2326 644 2392 laudat
660 2324 861 2390 Mo'hnikius
875 2326 898 2389 l.
911 2326 932 2389 l.
943 2341 975 2409 p.
989 2345 1062 2409 219.
1087 2325 1247 2389 Praeter·

201 2431 242 2475 ea
259 2412 301 2476 de
317 2406 532 2476 Archilocho
554 2414 692 2501 eiusque
711 2414 779 2476 vita
793 2424 826 2477 et
840 2412 976 2501 scriptis
993 2411 1246 2502 egeruntBay-

200 2499 271 2561 iius
291 2499 327 2561 in
347 2498 477 2562 Lexico
494 2497 572 2563 hist.
587 2511 618 2564 et
633 2501 705 2563 erit.
725 2525 750 2567 s.
762 2522 793 2563 v.
807 2538 849 2549 -
874 2498 1019 2565 Seviuus
1036 2498 1072 2560 ln
1083 2497 1189 2563 Mem.
1203 2500 1245 2583 de

200 2584 337 2647 l'Acad.
358 2583 414 2647 des
429 2586 534 2648 inser.
547 2586 724 2654 Vol.X.-
741 2587 784 2652 E.
798 2586 843 2649 L.
855 2586 1019 2652 Huchius
1036 2585 1072 2646 in
1087 2583 1174 2650 libro
1209 2584 1248 2651 ul

201 2670 400 2734 inscribitur
425 2670 468 2735 V
461 2674 582 2738 erauch
601 2675 686 2741 iiber
706 2671 764 2736 die
788 2671 994 2740 Veratianae
1008 2670 1066 2733 cles
1080 2610 1245 2737 Archide-

198 2757 361 2907 lohoslurlr}
381 2757 438 2822 die
456 2758 828 2849 SatyreZe1·bst17tiy.
847 2760 932 2826 8,-
953 2756 1142 2827 Fabricius
1151 2758 1246 2824 Har-

215 2843 321 2911 es.''.
365 2891 372 2905 .
420 2861 527 2908 .1os
577 2897 585 2913 .

264 2866 637 2996 iti-chilicholuioium
662 2942 790 2994 veteres
817 2930 1123 3015 lamhographum,
1146 2931 1176 2994 ei
1202 2952 1245 2996 uo

201 3026 309 3079 aetate
329 3018 527 3102 proxllnum
549 3026 639 3104 (nam
656 3016 799 3104 Olymp.
817 3017 956 3080 XXlX.
973 3040 988 3078 a
1006 3017 1068 3083 Ch.
1081 3016 1153 3079 titia.
1178 2954 1244 3082 So-

198 3105 310 3168 ruisse
334 3102 474 3191 dicitur)
491 3105 679 3169 adiunxere
704 3105 920 3169 Simonidem
943 3104 1194 3189 Amorginem,
1225 3128 1246 3171 a

198 3195 307 3276 patria
317 3190 387 3255 eius
398 3193 567 3277 Amorgo‚
577 3191 766 3277 Sporadum
779 3189 900 3264 insula,
913 3189 1014 3253 ducto
1028 3197 1245 3273 cognomine,

201 3298 301 3362 quem
312 3296 392 3338 eave
401 3276 589 3341 confundas
600 3299 678 3340 cum
691 3277 868 3342 Simonide
879 3277 945 3340 Ceo
956 3275 996 3363 (l.
1006 3276 1075 3362 35.)
1086 3287 1118 3339 et
1128 3277 1245 3341 Simo-

199 3470 303 3534 qnem
320 3468 440 3510 nonnu
469 3452 621 3527 itatnen,
645 3452 770 3515 Proclo
784 3459 938 3528 auctore,
964 3449 1123 3513 Samium
1139 3449 1247 3514 fuisso

197 3532 467 3624 perhibuerunt,
489 3547 623 3620 praeter
633 3537 696 3599 alia
709 3536 881 3610 hrevlora,
903 3536 1064 3599 tribuitur
1074 3536 1246 3618 carminis,

198 3621 414 3707 simplicitate
435 3632 468 3683 et
488 3626 655 3687 sermonis
676 3622 839 3710 elegantia
859 3625 937 3687 satis
957 3622 1244 3711 commendabilis,

198 3709 242 3772 de
260 3708 446 3771 mulierum
463 3711 601 3795 origiue
621 3723 724 3798 atque
741 3708 871 3787 indole,
895 3708 1122 3794 fragmentum
1137 3714 1178 3772 ab
1191 3713 1245 3781 Io.

169 3826 174 3835 ·
199 3794 349 3858 Stohaeo
386 3806 577 3871 serratum,
615 3808 753 3883 tamque
783 3817 863 3859 cum
887 3798 1061 3884 gnomicis
1090 3797 1199 3883 pu'e'tis
1225 3824 1245 3865 a

204 3880 262 3945 W
257 3881 431 3947 intertono
449 3891 483 3943 et
501 3882 696 3959 Brunekio,
720 3882 762 3947 ab
780 3883 847 3947 hoe
865 3904 1001 3973 quoque
1017 3882 1055 3944 in
1073 3884 1245 3951 Analectis

197 3976 278 4034 vett.
297 3967 387 4053 poet.
404 3988 515 4051 graec.
531 3967 615 4032 ’Μ
635 3993 667 4053 p.
683 3977 838 4057 masqq„
892 3991 974 4033 nam
996 3990 1148 4033 seorsum
1170 3971 1246 4036 edi-

193 4064 290 4131 tum,
314 4074 391 4117 cum
413 4054 689 4123 annotationibus
712 4057 840 4143 Georg.
861 3994 955 4121 Sne.
974 4054 1098 4119 Kiileri
1117 4069 1150 4119 et
1170 4059 1244 4147 epi-

198 4140 288 4210 rtola
307 4141 462 4230 Heyut'i,
485 4142 948 4236 Gottingae·1781.octonis,
976 4143 1170 4228 germanice
1189 4167 1247 4224 soa¹
1283 4139 1287 4147 “

197 3362 280 3429 nate
293 3362 492 3513 Genealoga
504 3366 544 3452 (l.
557 3365 623 3455 29),
637 3363 697 3426 Cei
709 3386 726 3424 e
743 3384 861 3427 sorore
877 3350 1011 3447 nepoie.
1034 3363 1242 3446 Amorgino,
1335 3388 1341 3401 ·
