2942 4875
447 402 574 469 Orion
597 407 806 495 Taenareis.
841 404 1038 471 Passaron
1195 396 1287 493 {15-

217 553 418 621 Pbavorino
450 548 731 641 inspeciatam,
765 567 799 620 et
822 571 963 643 propter
999 563 1190 621 accuratam
1221 558 1259 621 in

171 684 176 695 ι
219 643 422 708 testimoniis
445 636 671 729 scriptorum,
703 645 826 731 quibus
849 649 976 724 utitur,
1002 642 1184 710 laudandis
1207 640 1262 706 di-

35 786 37 793 ,
140 784 145 797 .
217 727 394 813 ligentiam
418 733 543 813 ,magui
575 731 786 809 faciendum,
819 753 936 819 quem,
969 732 1028 794 diu
1059 728 1262 816 neglectum,

217 835 284 878 uec
308 817 373 879 nisi
393 824 567 906 superiore
589 823 727 885 demum
747 819 879 882 saecuto
894 818 1089 883 Rulrnkenii
1113 816 1261 880 maxime

216 910 253 964 et
270 901 373 966 Raetii
389 905 425 985 a)
448 908 646 972 auctoritate
670 906 777 990 magis
798 905 1075 970 commendatum
1098 904 1178 967 viris
1197 902 1261 964 do·
1364 952 1368 959 .

219 992 300 1067 ctis,
331 1009 378 1053 ex
399 991 535 1078 duplice
558 985 685 1060 codicis
707 991 855 1055 Parisini
884 989 1084 1081 apographo
1105 988 1263 1053 Larche·

217 1074 333 1153 riano,
365 1076 419 1141 Fr.
444 1081 534 1163 Aug.
560 1081 686 1147 Wolfii
708 1076 905 1145 liberalitato
929 1097 1105 1156 concesso,
1129 1077 1261 1163 primus

218 1159 350 1225 Graece
374 1185 484 1249 nuper
506 1166 611 1229 edidit
629 1167 729 1233 Fris.
747 1157 843 1231 Gaii
859 1165 1019 1231 Stnrzius
1041 1164 1108 1227 hoc
1131 1163 1260 1227 indice:
1378 1176 1383 1189 ·

224 1244 367 1314 Orionis
383 1248 542 1315 Tlseliani
553 1253 837 1343 Etymologicon‚
849 1275 890 1315 ex
901 1252 1027 1316 lllnseo
1041 1249 1085 1314 F.
1092 1248 1138 1312 A.
1158 1248 1264 1313 Wol-

219 1330 260 1401 fii·
267 1334 404 1422 primus
421 1338 549 1411 edidit,
571 1340 814 1405 annotationes
829 1338 866 1401 P.
881 1338 931 1400 H.
943 1336 1131 1414 Laetare,
1154 1332 1265 1399 Eius·

209 1423 298 1484 ,dem
325 1418 452 1501 Wolfii
474 1427 657 1491 nonnullas
688 1437 723 1492 et
738 1447 820 1488 suaa
841 1420 1263 1511 Indicosquelocupletis-

218 1506 325 1570 simae
347 1507 479 1571 adiecit
510 1510 552 1577 1¹¹.
584 1506 631 1576 G.
658 1512 709 1576 Si.
732 1510 912 1575 Accedunt
944 1510 983 1574 Ρ.
1006 1507 1058 1571 Η.
1089 1505 1265 1571 Larclieri

224 1590 322 1656 oto.
347 1594 493 1659 criticae
523 1596 561 1660 in
581 1598 864 1687 Etsmologicum
885 1595 939 1660 M.
968 1605 1003 1659 et
1025 1593 1148 1656 Amed.
1175 1591 1264 1679 Pey-

220 1679 299 1741 roni
319 1676 576 1747 Commentatio
600 1686 639 1750 in
662 1684 848 1749 Theodosii
860 1678 1096 1746 Alexandrini
1114 1677 1265 1743 Tracta-

221 1775 297 1827 tum
319 1765 361 1827 ds
378 1764 566 1847 Praecilio,
599 1772 739 1858 Lipsiae
763 1771 853 1834 1820.
879 1769 995 1831 imai.

289 1850 446 1915 Eiusdem
469 1852 599 1920 saeculi
618 1858 735 1946 quinti
758 1856 940 1942 posteriori
974 1855 1061 1941 parti
1088 1850 1265 1916 Philemo·

219 1956 299 2000 nem
306 1935 575 2003 Grammatirnm
589 1942 760 2028 probabili
771 1943 965 2006 coniectura
977 1941 1135 2004 admovet
1150 1936 1269 2003 Oeen«

218 2040 299 2100 aas,
316 2024 389 2102 elii,
406 2037 443 2088 ut
457 2026 682 2097 Seleucideras
693 2030 840 2115 (inBibl.
856 2027 1022 2112 Philolog.
1025 2025 1075 2121 li.
1085 2024 1114 2088 6.
1124 2023 1266 2110 pois),

217 2117 252 2169 et
262 2110 314 2173 vir
325 2108 445 2173 doctus
458 2114 494 2175 in
506 2113 628 2180 Museo
641 2119 714 2181 crit.
728 2114 886 2180 Cantabri
914 2162 920 2175 .
933 2116 969 2193 1.,
980 2115 1021 2178 ad
1032 2110 1147 2179 Xmom
1157 2130 1191 2195 p.
1200 2108 1265 2175 Ch.

215 2195 394 2259 saeculum
417 2219 495 2262 eum
518 2205 712 2267 detrudunt.
735 2201 869 2267 Auctor
887 2137 952 2265 iuis
975 2200 1101 2265 Lexici
1121 2199 1265 2264 tecleae·

214 2280 349 2367 logici,
382 2282 424 2346 ed
448 2286 683 2374 Antiphonem
712 2288 893 2374 quemdem
914 2287 1032 2369 scripti
1055 2295 1108 2363 et,
1140 2305 1265 2350 secun-

219 2368 305 2429 dum
327 2376 404 2432 octo
425 2386 536 2456 partes
551 2377 731 2454 arationis,
754 2376 790 2442 in
802 2374 944 2440 totidem
966 2370 1070 2436 libros
1084 2371 1264 2453 distributi,

221 2462 503 2542 quorum‘prima
528 2485 606 2548 pars
638 2464 680 2529 de
701 2463 899 2529 nominibus
921 2469 1072 2548 integre,
1106 2482 1183 2547 cum
1207 2485 1263 2524 se-

222 2542 352 2607 cundae
384 2544 426 2611 de
448 2550 559 2614 verbis
579 2556 667 2640 (aspi
688 2548 862 2641 ῥημάτων)
884 2551 981 2615 initio
1004 2552 1040 2612 in
1063 2548 1140 2612 cod.
1166 2548 1265 2612 Peri-

222 2629 297 2691 sino
319 2644 447 2697 servate
470 2642 538 2713 est,
562 2659 607 2702 ex
628 2659 712 2725 qao,
735 2661 840 2724 quum
865 2639 970 2701 multa
992 2638 1061 2701 iam
1085 2636 1122 2698 in
1145 2635 1263 2699 doctos

222 2722 484 2782 commentarios
504 2746 582 2788 suos
603 2725 800 2790 retulissent
823 2737 895 2790 tum
911 2722 1165 2802 'Rulrukenius‚
1187 2734 1263 2787 tum

220 2804 370 2867 maxime
395 2805 618 2875 Villoisonius
644 2813 679 2877 in
703 2814 792 2877 actis
817 2813 857 2878 ad
878 2810 1055 2897 Apollonii
1074 2808 1160 2872 Lex.
1183 2810 1263 2874 Ho-

219 2896 405 2971 mericum,
446 2895 590 3049 aliique3
633 2920 718 2986 quae
750 2908 931 2985 supersunt
968 2899 1100 2981 integre
1132 2897 1263 2980 primus
1313 2893 1324 2904 “

221 2972 354 3046 Graece
376 2978 480 3062 edidit
525 3008 576 3050 ar.
589 2985 744 3074 Beraq,
768 2986 916 3052 Londini
934 2985 1024 3051 1812.
1043 2994 1090 3062 8.,
1114 2981 1172 3045 sed
1190 2985 1262 3046 sine

220 3066 289 3132 ulla
312 3089 373 3132 seu
395 3069 520 3133 codicis
541 3094 599 3135 seu
621 3074 768 3139 auctoris
791 3074 924 3151 notitia,
955 3079 1018 3135 neo
1045 3080 1198 3133 accurate
1221 3070 1264 3133 ed

222 3154 347 3220 codicis
377 3151 478 3217 fidem
508 3180 681 3240 expresse,
713 3169 750 3223 et
775 3161 871 3223 omni
902 3156 1134 3222 annotationis
1166 3177 1265 3242 pree-

132 3315 134 3318 *
224 3241 310 3306 sidio
333 3242 499 3309 destitute.
546 3245 640 3309 Haec
663 3247 801 3335 quidem
825 3247 1020 3309 accersitio
1044 3244 1170 3308 Museo
1194 3244 1266 3308 cri-

221 3329 293 3392 tico
305 3328 513 3417 Cantabrig.
525 3334 614 3397 r812.
628 3332 652 3397 Ι.
661 3313 695 3399 b.
707 3355 740 3419 p.
758 3332 817 3397 123
829 3355 900 3420 sqq.
912 3329 956 3395 ΙΙ.
972 3330 1062 3396 ι8ι5.
1075 3346 1266 3430 p.197-200

221 3425 360 3481 auctore
384 3415 427 3479 R.
444 3415 481 3477 Β.
522 3416 615 3481 Tam
637 3418 746 3485 Index
769 3421 961 3484 Auctorum
981 3418 1039 3504 qui
1059 3426 1206 3484 citantur
1227 3415 1265 3479 ia

118 3547 124 3556 .
204 3500 352 3568 ,Lexico
367 3500 574 3567 Philemonis
592 3508 711 3576 eodem
729 3529 820 3571 anno
840 3505 995 3590 vulgatus
1016 3507 1051 3567 in
1065 3503 1089 3567 1²
1091 3523 1153 3566 erc.
1166 3500 1265 3570 Xlll.

220 3587 362 3673 Anglici
385 3587 496 3653 Dierii
523 3590 596 3657 Tlie
620 3593 792 3660 Classical
807 3592 957 3658 Journal
959 3590 1028 3680 far
1051 3590 1142 3656 1813.
1164 3589 1265 3654 Lou-

220 3675 303 3739 dini.
326 3674 446 3738 Novae
458 3684 572 3740 umen
591 3681 748 3747 editionis
765 3679 970 3746 desiderium
983 3676 1133 3763 explerit
1150 3674 1266 3741 Oson-

218 3779 299 3841 ’Μ’
331 3783 416 3847 quse
435 3784 543 3849 nuper
561 3766 712 3833 Beroliai
733 3765 884 3870 prodiit,
902 3766 952 3858 ita
974 3763 1151 3850 inscriptas
1174 3761 1262 3827 Plii-
1303 3769 1308 3779 '

248 4054 274 4121 ')
290 4054 388 4109 Partim
410 4058 437 4108 ia
456 4059 598 4126 Epictetus
620 4061 734 4116 criticae
755 4061 920 4131 appendice,
945 4059 1048 4130 *parim
1073 4060 1099 4110 iu
1117 4060 1203 4112 Natis
1224 4030 1263 4111 all

312 4124 443 4197 Gregorii
462 4127 587 4181 metasse·
599 4123 632 4180 de
644 4129 782 4183 Dialectis
795 4125 916 4182 libellum
935 4123 1005 4222 trip:
1018 4125 1078 4206 459.
1163 4171 1166 4176 .
