2942 4875
67 1733 71 1742 ·
193 1697 301 1784 psisse
319 1696 444 1759 dicitur
459 1696 609 1780 Diogeni
619 1695 759 1758 Ls'e'rtio

542 469 889 550 Erravsvs

671 655 696 747 i·
721 655 775 796 73:

152 833 159 842 '
262 827 395 893 Zenoni
417 827 530 894 Citieo
553 828 704 917 sequslis
726 827 816 895 vixit
835 828 1027 918 Epicurus,
1051 826 1242 895 Athenien·

198 921 262 991 sis,
286 929 385 979 ustus
404 914 460 980 Oi.
474 916 567 983 CIX.
582 916 613 982 3.
643 917 710 980 vita
737 915 917 980 defunctus
939 916 996 978 01.
1011 914 1200 983 CXXVII.
1212 937 1242 981 α.

195 1003 499 1092 &Cnido-271.
521 1024 629 1068 navae
643 1002 782 1069 scholae
802 1004 838 1066 in
861 1003 989 1076 hortis,
1019 1024 1105 1089 quos
1130 1004 1247 1068 Athe·

194 1093 250 1156 nis
279 1101 425 1164 emeret,
459 1089 633 1164 conditor,
666 1090 770 1174 (unde
795 1088 1011 1173 philosophia
1040 1092 1111 1151 eius
1139 1092 1247 1169 κῆπος

194 1178 335 1253 hortus,
366 1171 388 1255 ἡ
415 1177 452 1241 ἐν
479 1177 526 1268 τῷ
556 1173 651 1266 κήπῳ
672 1172 846 1260 διατριβή,
877 1184 911 1238 et
929 1175 1099 1261 Epicurei
1118 1179 1152 1241 oi
1173 1173 1246 1242 ἀπὸ
1348 1223 1353 1232 ·

196 1268 268 1330 sive
291 1265 326 1329 oi
344 1263 379 1328 ἐκ
407 1263 475 1328 τῶν
504 1259 635 1343 κήπων,
667 1261 852 1347 κηπολόγοι
876 1262 1040 1349 sppettsri
1064 1261 1242 1349 sotebant),

197 1369 405 1439 quemquem
422 1349 457 1411 ie
474 1347 624 1434 physicis
645 1348 859 1438 Democriti,
881 1351 917 1411 ia
933 1345 1063 1411 Ethicis
1085 1349 1246 1459 Aristip-

188 1439 233 1530 pi
251 1435 397 1519 vestigiis
414 1438 595 1523 praecipue
613 1437 774 1500 institisse
791 1447 882 1500 recte
904 1435 1115 1521 perhibetur.
1137 1456 1169 1502 v.
1182 1435 1246 1498 ei·

194 1544 276 1588 aero
295 1523 337 1588 de
351 1520 458 1586 Finit.
471 1520 496 1585 1.
510 1544 539 1586 c,
550 1530 581 1589 6.
591 1533 623 1587 et
635 1523 665 1587 8.
692 1521 755 1586 Ad
765 1532 921 1586 trecenta
939 1522 1130 1595 volumius,
1153 1525 1244 1604 (tras

194 1621 309 1677 otatus
332 1618 413 1696 puts
436 1609 489 1673 vei
512 1609 768 1698 disputationes
777 1607 1064 1758 philosophicas)
1094 1608 1247 1671 conscri-

389 1695 394 1700 ’
815 1693 927 1760 .sti.e
972 1692 1086 1769 uibus,
1109 1705 1243 1780 praeter

193 1782 399 1873 paucissimo
419 1780 629 1868 fragmenta,
652 1794 691 1845 ut
702 1784 818 1869 κυρίας
828 1778 930 1862 δόξας
976 1779 1068 1843 btv.
1082 1782 1103 1844 i.
1116 1803 1144 1844 e.
1160 1780 1243 1868 pla·

194 1871 347 1936 citarum
374 1881 547 1933 momenta
571 1875 780 1956 praecipua,
806 1878 839 1929 et
861 1866 1043 1954 Epistulas
1063 1868 1198 1955 aliquot
1224 1888 1244 1932 e

196 1956 364 2044 Diogene
384 1969 419 2017 tn
438 1965 509 2017 vste
526 1955 667 2043 Epicuri
686 1954 720 2040 (l.
733 1951 793 2029 Χ.)
811 1964 976 2028 serretes,
1000 1953 1086 2017 nihil
1110 1965 1244 2039 tempo-

194 2061 233 2108 re
252 2052 369 2106 nostre
381 2041 552 2123 attigerat,
571 2039 679 2103 donec
695 2062 806 2125 nuper
816 2061 834 2102 e
844 2040 991 2138 papyris
1001 2040 1246 2104 Herculanen-

194 2129 292 2194 eibus
309 2125 452 2190 secundi
469 2138 501 2188 et
520 2127 694 2191 undecimi
710 2126 789 2192 libri
805 2148 916 2210 operis
940 2125 1072 2190 eiusde
1088 2126 1245 2203 datura,

195 2210 442 2304 περὶφύσεως,
475 2209 651 2277 XXXVII
678 2212 784 2277 libros
810 2212 1000 2299 complexi,
1029 2210 1244 2300 fragmenta
1304 2287 1306 2292 y

197 2314 313 2375 erute,
347 2320 386 2361 ea
414 2299 564 2386 primum
597 2299 834 2365 edoctissimo
858 2299 938 2363 Car.
963 2298 1113 2363 Basinio
1133 2298 1169 2361 in
1188 2321 1243 2361 se-

197 2387 309 2452 eundo
340 2397 435 2450 tamo
459 2384 689 2452 voluminum
719 2387 1039 2453 Herculaneusium
1069 2386 1103 2448 in
1131 2384 1244 2450 lucem

198 2473 288 2538 edite
315 2484 395 2536 suut
417 2474 565 2560 Neapoli
581 2483 671 2562 ¹⁸⁰9·
698 2472 757 2539 fot.
781 2495 883 2559 quarn
899 2472 1098 2622 principem
1119 2473 1244 2536 editio,

197 2580 277 2625 near
299 2580 391 2623 enno
406 2560 581 2645 superiore
601 2560 738 2644 Lipsiae
754 2572 895 2648 repeton
923 2579 977 2621 sm
996 2560 1128 2622 cursvit
1151 2559 1180 2623 1.
1205 2557 1243 2623 C.

85 2638 108 2653 '⁴
205 2644 373 2720 Oreitius,
397 2645 463 2707 hoc
481 2646 609 2709 indices
641 2646 679 2711 Ε
701 2648 791 2712 icuri
812 2646 1034 2732 Fragmenta
1051 2644 1171 2711 libror.
1191 2646 1243 2709 tl.

198 2745 233 2798 et
253 2732 308 2797 x]
317 2733 360 2796 de
372 2731 535 2810 Natura,
558 2734 596 2797 in
613 2730 651 2796 V
649 2670 860 2799 admittitur
873 2733 1079 2821 papyraceis
1094 2756 1135 2795 ea
1146 2731 1246 2795 Her·

200 2819 327 2884 eudone
356 2820 466 2883 erutis
493 2830 650 2908 reperta,
682 2817 910 2907 probabiliter¹
933 2818 1103 2894 restitute,
1141 2817 1244 2880 iatine
1309 2900 1312 2901 ⁷

200 2926 315 2979 verse,
338 2904 478 2969 scholiis
495 2915 528 2966 et
544 2907 790 2971 commentario
809 2904 973 2969 illustrate
993 2925 1011 2965 s
1033 2902 1113 2968 Car.
1137 2904 1245 2968 liari-

201 2993 272 3057 nio.
317 2990 371 3055 Ex
392 3002 487 3054 tomo
505 2989 547 3056 ΙΙ.
566 2991 797 3057 Voluminum
815 2990 1062 3056 Herculaneus.
1078 2989 1246 3054 emenda·

200 3078 275 3143 tius
292 3077 421 3154 edidit,
441 3101 589 3169 suasque
608 3080 852 3144 annotationes
871 3078 1078 3164 adscripsit,
1100 3076 1125 3139 l.
1143 3074 1182 3140 0.
1199 3073 1244 3140 Ο.

198 3164 337 3247 Lipsiae
353 3163 442 3229 1818.
465 3176 531 3229 oet.
543 3166 623 3239 mei.
653 3164 710 3229 Ex
726 3165 900 3253 Epistatis
914 3175 1027 3227 autem
1046 3163 1203 3251 Epicuri,
1226 3184 1246 3228 e

201 3249 358 3334 Diogene
375 3250 503 3329 baert,
532 3264 570 3315 ut
590 3250 680 3333 dixi,
711 3253 870 3330 servetis,
903 3250 1007 3327 duas,
1042 3250 1183 3316 eitersm
1202 3249 1245 3314 ed

199 3334 419 3401 Herodotum
439 3339 599 3426 scriptam
621 3340 664 3403 de
684 3337 857 3427 Pipaicis,
890 3337 1028 3401 eltersm
1047 3338 1090 3401 sd
1111 3336 1247 3424 Pytho·

200 3422 289 3488 elem
305 3425 346 3490 de
357 3424 635 3511 Meteoratogia,
658 3423 781 3512 quibus
795 3423 1035 3511 philosophiae
1047 3423 1245 3510 Epicureae,

200 3509 231 3575 si
250 3534 268 3575 s
287 3531 427 3575 morum
449 3512 602 3575 doctrine
624 3513 819 3587 recesseris,
851 3532 959 3601 paene
987 3510 1136 3597 perfecte
1159 3531 1245 3572 con·

199 3597 330 3662 tinetur
348 3598 512 3683 epitome,
536 3599 715 3684 seperatim
737 3600 843 3662 edidit
859 3599 1074 3661 doctissimus
1098 3597 1244 3662 Schnei-

201 3682 304 3749 derus
328 3684 395 3750 hoc
411 3684 540 3752 indice:
574 3686 724 3773 Epicuri
746 3687 895 3776 Physica
917 3699 951 3749 et
968 3684 1246 3771 Meteorotogica

200 3771 336 3836 duabus
364 3772 519 3859 epistolis
549 3773 701 3836 eiusdem
729 3772 985 3860 comprehensa·
1034 3772 1170 3835 Graeca
1199 3771 1250 3836 ad

189 3854 302 3946 fidem
324 3858 442 3922 titror.
462 3859 623 3945 scriptor.
644 3869 679 3922 et
697 3860 820 3924 editor.
841 3858 1036 3921 emendavit
1062 3868 1168 3944 atque
1187 3858 1246 3922 in·

198 3954 413 4031 terpretatur
430 3957 480 4011 eet
495 3945 548 4009 la.
566 3945 677 4010 Gottl.
696 3946 894 4011 Schneider.
911 3943 1050 4031 Lipsiae
1067 3944 1158 4012 1813.
1179 3954 1245 4011 oct.

199 4030 279 4096 moi.
315 4029 470 4095 Priorem
499 4031 541 4094 ed
561 4030 780 4095 Herodotum
802 4032 978 4117 epistolem
1007 4053 1085 4094 curn
1110 4031 1245 4094 duobus

199 4114 299 4182 codd.
317 4115 461 4181 Venetis
483 4121 568 4206 (non
590 4119 736 4203 optimae
760 4129 859 4181 notae
875 4118 942 4183 iliis
960 4118 1168 4182 Schneidero
1188 4124 1245 4182 iu·

200 4204 291 4293 dice)
302 4216 551 4294 comparatam,
574 4227 732 4270 unacum
744 4205 938 4273 Laertiani
949 4209 1064 4294 operis
1077 4205 1167 4270 libro
1184 4205 1246 4270 de·
