2942 4875
239 437 280 500 tl
530 447 673 495 meur
704 444 984 495 srsruurnr.

238 605 381 697 plticoe,
407 603 568 684 Samiae,
597 606 791 680 Troianae,
820 603 901 678 alia,
925 611 1105 664 consecuta
1130 602 1189 677 sit,
1216 611 1286 666 eta

161 749 180 766 ,
240 715 308 780 qna
327 690 468 779 posthac
489 693 575 757 aliae
596 714 732 780 quoque
756 702 846 753 vates
868 689 1016 753 feminae
1034 691 1141 752 dictae
1159 689 1287 753 inerint

242 780 404 867 Sibyllae.
449 776 538 843 Utnt
556 792 623 858 est,
646 788 742 861 (nem
763 780 799 840 in
822 791 888 842 tam
904 788 1053 839 remotae
1077 777 1287 862 antiquitatis

146 889 150 894 ·
240 867 321 931 loco
339 863 424 927 nihil
446 873 529 930 certi
549 880 608 930 ant
628 868 708 929 satis
728 865 899 953 explorati
918 866 1052 928 tradere
1074 863 1166 942 licet)
1188 885 1289 947 prae-

239 966 294 1018 ter
319 952 570 1033 Erythraeam,
602 955 813 1017 nobilissima
842 954 942 1015 etium
968 950 1034 1014 fnit
1064 948 1194 1034 Sibylla
1216 948 1290 1014 Cu-

243 1062 370 1115 mana,
397 1059 416 1100 a
438 1035 556 1104 Cumis
575 1040 817 1115 ltaliae-dicta,
842 1059 942 1124 quam
964 1038 1104 1101 Aeneae
1121 1037 1191 1100 fala
1206 1057 1291 1122 ape-

245 1128 392 1190 rientem
406 1125 544 1191 induxit
560 1128 736 1214 Virgilius.
763 1127 968 1214 Sibyllarum
982 1145 1064 1187 vero
1086 1124 1224 1187 nomine
1236 1122 1290 1186 usi

246 1221 328 1276 sunt
349 1223 498 1289 veteres,
519 1226 558 1277 ut
579 1215 727 1278 oraculis
752 1216 917 1300 antiquis,
941 1234 1045 1297 quae,
1078 1211 1211 1274 incerto
1226 1231 1291 1272 au·
1391 1209 1395 1213 ’
1461 1279 1462 1302 ¹

243 1309 356 1374 ctore,
387 1296 568 1364 hominum
592 1324 653 1365 ore
676 1298 1023 1371 circumferebantur,
1045 1300 1210 1360 maiorem
1226 1318 1290 1360 su·

243 1387 437 1448 ctoritatem
458 1389 688 1452 conciliarent.
735 1387 859 1467 Qualia
882 1387 989 1450 muita
1009 1406 1116 1472 quum
1135 1384 1287 1447 etiamiu

243 1473 339 1538 ltalia
361 1481 441 1534 nota
466 1485 501 1537 et
521 1476 657 1561 vulgata
684 1474 956 1549 celebrarentur,
979 1473 1110 1535 exstitit
1130 1470 1292 1533 oraculo·

242 1581 323 1624 rum
344 1561 535 1645 congeries,
558 1584 661 1649 quam
682 1564 746 1627 sub
768 1563 936 1626 librorum
953 1558 1202 1626 Sibyllinorum
1220 1579 1290 1620 no-

244 1647 356 1722 mino,
386 1668 405 1707 a
435 1649 525 1734 regis
545 1650 747 1735 'Parquinii,
776 1647 922 1734 Superbi
952 1647 1057 1728 vulgo
1080 1646 1179 1721 dicti,
1206 1643 1288 1706 inde

244 1743 314 1795 tem
343 1730 475 1813 oribus,
500 1734 647 1799 Romani
666 1737 922 1820 diligentissime
938 1732 1163 1795 asservabant.
1211 1731 1290 1809 Qua

245 1755 384 1906 quiribus
396 1843 463 1884 una
479 1843 559 1885 cnm
570 1823 758 1909 Capitolio,
780 1822 923 1884 Sullano
935 1820 1084 1882 tumultu
1096 1818 1154 1906 (U.
1167 1839 1195 1881 c,
1204 1819 1293 1904 670.)

246 1904 472 1990 conflagrata,
501 1909 551 1972 his
574 1930 657 1973 voro
678 1907 821 1972 subinde
838 1909 1006 1982 restituta,
1039 1906 1228 1968 secundum
1249 1903 1292 1966 ab

244 1992 423 2078 Augusto,
447 1997 506 2081 qui
525 1998 864 2072 commenticiorum,
886 2006 920 2057 et
935 1992 1054 2056 fraude
1074 1992 1161 2056 mala
1176 1992 1293 2054 intru-

245 2101 366 2143 sornm
387 2082 605 2147 oraculorum
637 2081 844 2168 farraginem
872 2082 1017 2143 cremari
1036 2080 1151 2153 iussit,
1185 2098 1293 2164 quum

246 2177 280 2229 et
300 2166 419 2230 ultima
440 2165 525 2232 haec
547 2170 700 2234 collectio
713 2170 806 2232 Saec.
827 2167 880 2234 tv
881 2178 911 2220 to
936 2176 1101 2237 exeunte,
1133 2164 1295 2228 Honorio

179 2251 180 2260 ’
244 2253 450 2337 imperante,
481 2279 501 2319 n
532 2255 713 2332 Stilicone,
745 2279 814 2319 una
847 2277 927 2319 cum
945 2253 1120 2341 Apollinis
1148 2249 1297 2315 Palatini

243 2338 392 2426 templo,
412 2342 490 2432 igne
511 2342 686 2408 combusta
706 2342 829 2407 fuerit:
851 2365 914 2431 per
936 2364 971 2404 se
991 2342 1059 2404 iam
1075 2349 1185 2426 petet,
1219 2347 1297 2401 tum

161 2508 163 2513 ι
245 2426 454 2528 abantiquis
478 2427 561 2511 illis,
595 2430 776 2497 aGraecis
797 2431 923 2517 passim
947 2427 1109 2505 laudatis,
1142 2425 1298 2512 Sibylla-

247 2535 328 2578 rum
355 2514 479 2593 stlatis,
517 2528 591 2583 tum
615 2519 657 2582 ab
684 2519 924 2582 Romanorum
947 2514 1094 2578 oraculis
1117 2513 1297 2600 Sibyllinis

246 2602 429 2689 (quamvis
473 2605 565 2669 haud
612 2603 713 2670 dubie
755 2626 874 2691 graece
908 2603 1043 2689 scriptis
1080 2602 1155 2689 ἢ),
1191 2599 1294 2683 longe

249 2689 402 2754 diversos
433 2712 505 2755 esse
535 2691 785 2774 Sibyllinorum
812 2691 1062 2763 Oracnlornm,
1085 2686 1295 2750 hexametris

248 2782 377 2861 graecis
396 2784 679 2864 conscriptorum,
695 2780 802 2843 libros
811 2790 886 2843 uelo
900 2775 1109 2864 superstites,
1127 2796 1145 2836 a
1164 2773 1298 2862 Xystu-

248 2884 315 2949 que
337 2864 500 2930 Belnleio
519 2866 631 2951 (Basil.
658 2867 751 2931 1545.
774 2864 826 2928 ed.
849 2867 937 2953 pn),
959 2864 1004 2927 Jo
1020 2862 1200 2949 Opsopaeo
1218 2858 1301 2945 (Pa-

246 2952 305 3013 ris.
329 2949 422 3038 1589.
439 2953 481 3028 8.)
505 2963 539 3015 et
555 2953 716 3019 Serantis
747 2952 893 3017 Gallaeo
927 2947 1120 3015 Amstelod,
1153 2947 1245 3093 tlibp.
1267 2948 1300 3007 b.

246 3037 286 3101 in
309 3035 431 3122 vulgus
460 3039 585 3116 editos,
618 3037 740 3126 quibus
772 3059 884 3124 nuper
915 3037 1056 3100 accessit
1081 3055 1191 3098 novus
1226 3031 1300 3094 iber

273 3134 396 3187 narius
421 3125 574 3190 decimus
602 3126 698 3213 (num
726 3125 869 3189 totidem
898 3124 1001 3187 etiam
1027 3125 1063 3186 in
1094 3117 1302 3185 bibliotheca

287 3210 419 3275 aticane
442 3211 554 3275 adhuc
580 3213 765 3288 asservari,
798 3212 876 3277 iam*
897 3209 1071 3275 Fabricius
1102 3218 1298 3270 auctorest

250 3296 338 3361 Bibl.
364 3296 426 3361 Gr.
452 3298 529 3363 T-l.
552 3300 792 3388 p.278Harl.),
815 3298 948 3384 Angeli
967 3297 1077 3376 Maii,
1104 3292 1302 3357 eruditissi-

251 3385 309 3448 mi·
330 3386 397 3450 viri
429 3397 463 3449 et
499 3384 540 3449 de
570 3387 692 3450 litteris
723 3387 851 3450 nostris
884 3385 1013 3471 optime
1049 3383 1181 3456 meriti,
1220 3390 1299 3443 stu-

252 3471 312 3535 dio
333 3470 502 3536 indefesso
523 3495 541 3536 e
562 3474 678 3537 codice
699 3495 783 3537 msc.
807 3482 939 3549 erutus,
961 3472 1123 3558 typisque
1151 3486 1299 3531 excusus

252 3558 443 3624 Mediolani
463 3562 554 3644 1817.
582 3563 613 3625 8.
637 3561 775 3623 Horum
797 3565 890 3622 enim
908 3560 1095 3622 maximam
1121 3566 1254 3644 partem
1279 3574 1300 3616 a

253 3644 468 3712 Christiania
489 3647 680 3734 Sibyllinis
709 3646 836 3711 saeculi
864 3645 928 3709 lIdi
943 3657 1022 3732 post
1040 3643 1123 3708 Chr.
1148 3644 1300 3706 decursu

247 3733 439 3819 profectam
453 3754 540 3809 esse,
563 3745 597 3796 et
608 3732 878 3818 Archaeologiae
894 3755 1024 3806 sacrae,
1041 3737 1304 3816 veterisqne‘ec-

249 3821 371 3885 clesiae
402 3832 502 3907 atque
524 3821 725 3909 dogmatum
746 3820 1025 3906 theologicorum
1053 3819 1218 3891 historiae
1241 3836 1304 3878 ac-

247 4008 670 4032 m

280 4114 308 4183 ⁶)
325 4114 363 4169 V.
383 4113 563 4168 Niebuhrins
593 4113 624 4167 in
643 4116 723 4171 Ruta.
761 4115 937 4170 Gesch.'l'.1
967 4112 1130 4183 pitto-ts.
1154 4126 1219 4165 cnm
1243 4105 1308 4161 loeo

357 4184 488 4239 Zonaras
513 4182 580 4239 vlt.
596 4201 636 4238 ιι.
664 4189 695 4243 in
719 4185 868 4242 Addeudis
884 4186 979 4240 allato.
