<?xml version="1.0" encoding="UTF-8"?>
<!DOCTYPE html PUBLIC "-//W3C//DTD XHTML 1.0 Transitional//EN"
    "http://www.w3.org/TR/xhtml1/DTD/xhtml1-transitional.dtd">
<html xmlns="http://www.w3.org/1999/xhtml" xml:lang="en" lang="en">
 <head>
  <title>
</title>
<meta http-equiv="Content-Type" content="text/html;charset=utf-8" />
  <meta name='ocr-system' content='tesseract 3.04.00' />
  <meta name='ocr-capabilities' content='ocr_page ocr_carea ocr_par ocr_line ocrx_word'/>
</head>
<body>
  <div class='ocr_page' id='page_1' title='image "./initiahistoriae00grodgoog_0117.png"; bbox 0 0 2942 4875; ppageno 0'>
   <div class='ocr_carea' id='block_1_1' title="bbox 445 469 1399 562">
    <p class='ocr_par' dir='ltr' id='par_1_1' title="bbox 445 469 1399 562">
     <span class='ocr_line' id='line_1_1' title="bbox 445 469 1399 562; baseline -0.003 -25"><span class='ocrx_word' id='word_1_1' title='bbox 445 469 1095 544; x_wconf 73' lang='lat' dir='ltr'>Asixsconis.nsnocs1svs</span> <span class='ocrx_word' id='word_1_2' title='bbox 1230 486 1292 559; x_wconf 80' lang='lat'>¹⁰7</span> <span class='ocrx_word' id='word_1_3' title='bbox 1386 551 1399 562; x_wconf 38' lang='lat'><em>-</em></span> 
     </span>
    </p>
   </div>
   <div class='ocr_carea' id='block_1_2' title="bbox 167 639 1369 2294">
    <p class='ocr_par' dir='ltr' id='par_1_2' title="bbox 167 639 1369 2128">
     <span class='ocr_line' id='line_1_2' title="bbox 252 639 1369 721; baseline -0.003 -11"><span class='ocrx_word' id='word_1_4' title='bbox 252 645 489 710; x_wconf 79' lang='lat' dir='ltr'><strong>Clazomenius</strong></span> <span class='ocrx_word' id='word_1_5' title='bbox 515 643 656 708; x_wconf 87' lang='lat' dir='ltr'>Philcso</span> <span class='ocrx_word' id='word_1_6' title='bbox 683 640 749 708; x_wconf 89' lang='lat' dir='ltr'>hus</span> <span class='ocrx_word' id='word_1_7' title='bbox 781 639 821 705; x_wconf 85' lang='lat' dir='ltr'>ab</span> <span class='ocrx_word' id='word_1_8' title='bbox 848 640 967 707; x_wconf 86' lang='lat' dir='ltr'>eodem</span> <span class='ocrx_word' id='word_1_9' title='bbox 996 641 1140 705; x_wconf 88' lang='lat' dir='ltr'>Platone</span> <span class='ocrx_word' id='word_1_10' title='bbox 1167 639 1295 707; x_wconf 85' lang='lat' dir='ltr'>ibidem</span> <span class='ocrx_word' id='word_1_11' title='bbox 1366 715 1369 721; x_wconf 91' lang='lat'>.</span> 
     </span>
     <span class='ocr_line' id='line_1_3' title="bbox 250 728 1295 821; baseline -0.002 -27"><span class='ocrx_word' id='word_1_12' title='bbox 250 755 285 821; x_wconf 88' lang='lat' dir='ltr'>p.</span> <span class='ocrx_word' id='word_1_13' title='bbox 298 755 337 820; x_wconf 83' lang='lat'>97</span> <span class='ocrx_word' id='word_1_14' title='bbox 350 756 398 817; x_wconf 89' lang='lat' dir='ltr'>sq.</span> <span class='ocrx_word' id='word_1_15' title='bbox 423 743 456 795; x_wconf 89' lang='lat' dir='ltr'>et</span> <span class='ocrx_word' id='word_1_16' title='bbox 475 733 516 795; x_wconf 90' lang='lat' dir='ltr'>de</span> <span class='ocrx_word' id='word_1_17' title='bbox 537 731 644 817; x_wconf 77' lang='lat' dir='ltr'>Legg.</span> <span class='ocrx_word' id='word_1_18' title='bbox 696 730 738 800; x_wconf 86' lang='grc' dir='ltr'>ΙΙ.</span> <span class='ocrx_word' id='word_1_19' title='bbox 758 751 789 816; x_wconf 88' lang='lat' dir='ltr'>p.</span> <span class='ocrx_word' id='word_1_20' title='bbox 801 728 876 816; x_wconf 81' lang='lat'>696.</span> <span class='ocrx_word' id='word_1_21' title='bbox 894 729 937 793; x_wconf 91' lang='lat' dir='ltr'>ob</span> <span class='ocrx_word' id='word_1_22' title='bbox 955 729 1222 792; x_wconf 77' lang='lat' dir='ltr'>ratiocinationis</span> <span class='ocrx_word' id='word_1_23' title='bbox 1237 730 1295 792; x_wconf 89' lang='lat' dir='ltr'>in-</span> 
     </span>
     <span class='ocr_line' id='line_1_4' title="bbox 251 814 1294 906; baseline -0.003 -23"><span class='ocrx_word' id='word_1_24' title='bbox 251 820 545 906; x_wconf 84' lang='lat' dir='ltr'>consequentiam,</span> <span class='ocrx_word' id='word_1_25' title='bbox 590 828 664 880; x_wconf 91' lang='lat' dir='ltr'>tum</span> <span class='ocrx_word' id='word_1_26' title='bbox 696 814 738 878; x_wconf 87' lang='lat' dir='ltr'>eb</span> <span class='ocrx_word' id='word_1_27' title='bbox 769 817 955 888; x_wconf 81' lang='lat' dir='ltr'>Aristotele</span> <span class='ocrx_word' id='word_1_28' title='bbox 988 815 1183 903; x_wconf 88' lang='lat' dir='ltr'>Metaphys.</span> <span class='ocrx_word' id='word_1_29' title='bbox 1210 814 1236 879; x_wconf 88' lang='grc' dir='ltr'>Ι.</span> <span class='ocrx_word' id='word_1_30' title='bbox 1262 819 1294 881; x_wconf 77' lang='lat' dir='ltr'>lt.</span> 
     </span>
     <span class='ocr_line' id='line_1_5' title="bbox 251 902 1296 993; baseline -0.003 -25"><span class='ocrx_word' id='word_1_31' title='bbox 251 906 402 991; x_wconf 80' lang='lat' dir='ltr'>aliisque,</span> <span class='ocrx_word' id='word_1_32' title='bbox 418 927 501 993; x_wconf 91' lang='lat' dir='ltr'>quos</span> <span class='ocrx_word' id='word_1_33' title='bbox 516 903 783 982; x_wconf 74' lang='lat' dir='ltr'>Wuttenlraclu&#39;i</span> <span class='ocrx_word' id='word_1_34' title='bbox 793 904 946 967; x_wconf 82' lang='lat' dir='ltr'>doctriua</span> <span class='ocrx_word' id='word_1_35' title='bbox 959 902 1103 966; x_wconf 89' lang='lat' dir='ltr'>contulit</span> <span class='ocrx_word' id='word_1_36' title='bbox 1114 903 1155 964; x_wconf 84' lang='lat' dir='ltr'>ad</span> <span class='ocrx_word' id='word_1_37' title='bbox 1168 902 1296 967; x_wconf 86' lang='lat' dir='ltr'>Phaed.</span> 
     </span>
     <span class='ocr_line' id='line_1_6' title="bbox 250 990 1295 1080; baseline -0.005 -24"><span class='ocrx_word' id='word_1_38' title='bbox 250 1014 285 1080; x_wconf 89' lang='lat' dir='ltr'>p.</span> <span class='ocrx_word' id='word_1_39' title='bbox 297 995 413 1077; x_wconf 76' lang='lat' dir='ltr'>sctsq.</span> <span class='ocrx_word' id='word_1_40' title='bbox 425 1032 464 1044; x_wconf 88' lang='lat'>-</span> <span class='ocrx_word' id='word_1_41' title='bbox 488 990 599 1069; x_wconf 91' lang='lat' dir='ltr'>Idem,</span> <span class='ocrx_word' id='word_1_42' title='bbox 620 992 710 1077; x_wconf 91' lang='lat' dir='ltr'>quod</span> <span class='ocrx_word' id='word_1_43' title='bbox 729 1001 802 1052; x_wconf 89' lang='lat' dir='ltr'>tum</span> <span class='ocrx_word' id='word_1_44' title='bbox 819 1011 919 1068; x_wconf 87' lang='lat' dir='ltr'>voce,</span> <span class='ocrx_word' id='word_1_45' title='bbox 941 1000 1015 1051; x_wconf 89' lang='lat' dir='ltr'>tum</span> <span class='ocrx_word' id='word_1_46' title='bbox 1032 990 1178 1077; x_wconf 88' lang='lat' dir='ltr'>scripto,</span> <span class='ocrx_word' id='word_1_47' title='bbox 1201 1009 1295 1053; x_wconf 90' lang='lat' dir='ltr'>nune</span> 
     </span>
     <span class='ocr_line' id='line_1_7' title="bbox 250 1075 1295 1166; baseline -0.002 -25"><span class='ocrx_word' id='word_1_48' title='bbox 250 1078 443 1165; x_wconf 90' lang='lat' dir='ltr'>deperdito,</span> <span class='ocrx_word' id='word_1_49' title='bbox 465 1079 533 1144; x_wconf 81' lang='grc' dir='ltr'>τῶν</span> <span class='ocrx_word' id='word_1_50' title='bbox 548 1079 714 1166; x_wconf 79' lang='grc' dir='ltr'><strong><em>φυσικῶν,</em></strong></span> <span class='ocrx_word' id='word_1_51' title='bbox 738 1076 851 1141; x_wconf 84' lang='lat' dir='ltr'>Solem</span> <span class='ocrx_word' id='word_1_52' title='bbox 859 1127 869 1157; x_wconf 86' lang='lat'>,</span> <span class='ocrx_word' id='word_1_53' title='bbox 891 1076 1029 1140; x_wconf 88' lang='lat' dir='ltr'>Lunam</span> <span class='ocrx_word' id='word_1_54' title='bbox 1047 1085 1079 1138; x_wconf 90' lang='lat' dir='ltr'>et</span> <span class='ocrx_word' id='word_1_55' title='bbox 1097 1075 1225 1161; x_wconf 87' lang='lat' dir='ltr'>reliqua</span> <span class='ocrx_word' id='word_1_56' title='bbox 1247 1083 1295 1139; x_wconf 87' lang='lat' dir='ltr'>si-</span> 
     </span>
     <span class='ocr_line' id='line_1_8' title="bbox 250 1162 1293 1250; baseline -0.003 -22"><span class='ocrx_word' id='word_1_57' title='bbox 250 1164 330 1229; x_wconf 84' lang='lat' dir='ltr'>deru</span> <span class='ocrx_word' id='word_1_58' title='bbox 361 1168 504 1229; x_wconf 89' lang='lat' dir='ltr'>deorum</span> <span class='ocrx_word' id='word_1_59' title='bbox 531 1187 674 1228; x_wconf 88' lang='lat' dir='ltr'>numero</span> <span class='ocrx_word' id='word_1_60' title='bbox 700 1165 901 1240; x_wconf 81' lang='lat' dir='ltr'>eximenda,</span> <span class='ocrx_word' id='word_1_61' title='bbox 933 1173 967 1224; x_wconf 90' lang='lat' dir='ltr'>et</span> <span class='ocrx_word' id='word_1_62' title='bbox 988 1184 1052 1250; x_wconf 88' lang='lat' dir='ltr'>pro</span> <span class='ocrx_word' id='word_1_63' title='bbox 1073 1169 1190 1226; x_wconf 84' lang='lat' dir='ltr'>massis</span> <span class='ocrx_word' id='word_1_64' title='bbox 1214 1162 1293 1247; x_wconf 89' lang='lat' dir='ltr'>qui-</span> 
     </span>
     <span class='ocr_line' id='line_1_9' title="bbox 167 1246 1293 1352; baseline -0.003 -37"><span class='ocrx_word' id='word_1_65' title='bbox 167 1249 172 1260; x_wconf 53' lang='lat'>*</span> <span class='ocrx_word' id='word_1_66' title='bbox 249 1252 394 1315; x_wconf 85' lang='lat' dir='ltr'>busdam</span> <span class='ocrx_word' id='word_1_67' title='bbox 412 1252 519 1352; x_wconf 75' lang='lat' dir='ltr'>igneis</span> <span class='ocrx_word' id='word_1_68' title='bbox 538 1250 745 1335; x_wconf 78' lang='lat' dir='ltr'>lapideisque</span> <span class='ocrx_word' id='word_1_69' title='bbox 760 1249 915 1337; x_wconf 79' lang='grc' dir='ltr'>(μύδροις</span> <span class='ocrx_word' id='word_1_70' title='bbox 930 1246 1120 1335; x_wconf 79' lang='grc' dir='ltr'><strong><em>διαπύροις)</em></strong></span> <span class='ocrx_word' id='word_1_71' title='bbox 1138 1247 1293 1312; x_wconf 88' lang='lat' dir='ltr'>habenda</span> 
     </span>
     <span class='ocr_line' id='line_1_10' title="bbox 250 1336 1292 1421; baseline -0.003 -20"><span class='ocrx_word' id='word_1_72' title='bbox 250 1359 320 1402; x_wconf 87' lang='lat' dir='ltr'>esse</span> <span class='ocrx_word' id='word_1_73' title='bbox 341 1339 474 1415; x_wconf 84' lang='lat' dir='ltr'>docuit,</span> <span class='ocrx_word' id='word_1_74' title='bbox 504 1336 665 1413; x_wconf 75' lang='lat' dir='ltr'>Athenis,</span> <span class='ocrx_word' id='word_1_75' title='bbox 696 1337 756 1400; x_wconf 87' lang='lat' dir='ltr'>uhi</span> <span class='ocrx_word' id='word_1_76' title='bbox 775 1338 913 1421; x_wconf 85' lang='lat' dir='ltr'>triginta</span> <span class='ocrx_word' id='word_1_77' title='bbox 937 1357 1045 1398; x_wconf 79' lang='lat' dir='ltr'>anites</span> <span class='ocrx_word' id='word_1_78' title='bbox 1066 1336 1292 1405; x_wconf 76' lang='lat' dir='ltr'>vixissedici·</span> 
     </span>
     <span class='ocr_line' id='line_1_11' title="bbox 249 1418 1290 1524; baseline -0.003 -35"><span class='ocrx_word' id='word_1_79' title='bbox 249 1437 323 1502; x_wconf 90' lang='lat' dir='ltr'>tur,</span> <span class='ocrx_word' id='word_1_80' title='bbox 358 1423 554 1524; x_wconf 86' lang='lat' dir='ltr'>impietatis</span> <span class='ocrx_word' id='word_1_81' title='bbox 575 1418 758 1511; x_wconf 76' lang='grc' dir='ltr'>(ἀσεβείας)</span> <span class='ocrx_word' id='word_1_82' title='bbox 782 1423 820 1485; x_wconf 92' lang='lat' dir='ltr'>in</span> <span class='ocrx_word' id='word_1_83' title='bbox 841 1423 932 1485; x_wconf 83' lang='lat' dir='ltr'><strong>Deos</strong></span> <span class='ocrx_word' id='word_1_84' title='bbox 954 1423 1081 1509; x_wconf 88' lang='lat' dir='ltr'>patrios</span> <span class='ocrx_word' id='word_1_85' title='bbox 1103 1433 1290 1501; x_wconf 79' lang='lat' dir='ltr'>accusatus,</span> 
     </span>
     <span class='ocr_line' id='line_1_12' title="bbox 250 1508 1291 1595; baseline 0 -21"><span class='ocrx_word' id='word_1_86' title='bbox 250 1532 332 1586; x_wconf 90' lang='lat' dir='ltr'>nee,</span> <span class='ocrx_word' id='word_1_87' title='bbox 356 1511 421 1573; x_wconf 80' lang='lat' dir='ltr'>nisi</span> <span class='ocrx_word' id='word_1_88' title='bbox 446 1508 581 1573; x_wconf 75' lang='lat' dir='ltr'>Periclis</span> <span class='ocrx_word' id='word_1_89' title='bbox 603 1509 820 1583; x_wconf 87' lang='lat' dir='ltr'>auctoritate,</span> <span class='ocrx_word' id='word_1_90' title='bbox 853 1530 929 1572; x_wconf 86' lang='lat' dir='ltr'>aaa</span> <span class='ocrx_word' id='word_1_91' title='bbox 956 1509 1011 1572; x_wconf 87' lang='lat' dir='ltr'>itis</span> <span class='ocrx_word' id='word_1_92' title='bbox 1033 1530 1144 1595; x_wconf 83' lang='lat' dir='ltr'>poene</span> <span class='ocrx_word' id='word_1_93' title='bbox 1164 1510 1291 1574; x_wconf 87' lang='lat' dir='ltr'>libera-</span> 
     </span>
     <span class='ocr_line' id='line_1_13' title="bbox 251 1530 1292 1682; baseline 0.002 -24"><span class='ocrx_word' id='word_1_94' title='bbox 251 1607 325 1668; x_wconf 90' lang='lat' dir='ltr'>tus,</span> <span class='ocrx_word' id='word_1_95' title='bbox 353 1596 582 1678; x_wconf 83' lang='lat' dir='ltr'>Lampsacum</span> <span class='ocrx_word' id='word_1_96' title='bbox 602 1593 723 1657; x_wconf 86' lang='lat' dir='ltr'>abiisse</span> <span class='ocrx_word' id='word_1_97' title='bbox 745 1593 873 1674; x_wconf 75' lang='lat' dir='ltr'>sertin,</span> <span class='ocrx_word' id='word_1_98' title='bbox 905 1530 965 1657; x_wconf 74' lang='lat' dir='ltr'>uli</span> <span class='ocrx_word' id='word_1_99' title='bbox 992 1593 1084 1658; x_wconf 81' lang='lat' dir='ltr'>brevi</span> <span class='ocrx_word' id='word_1_100' title='bbox 1114 1606 1205 1682; x_wconf 84' lang='lat' dir='ltr'>post,</span> <span class='ocrx_word' id='word_1_101' title='bbox 1234 1595 1292 1661; x_wconf 90' lang='lat' dir='ltr'>Ol.</span> 
     </span>
     <span class='ocr_line' id='line_1_14' title="bbox 253 1678 1289 1766; baseline 0.003 -21"><span class='ocrx_word' id='word_1_102' title='bbox 253 1679 491 1745; x_wconf 88' lang='lat' dir='ltr'>LXXXVIII.</span> <span class='ocrx_word' id='word_1_103' title='bbox 516 1701 561 1759; x_wconf 83' lang='lat'>1.,</span> <span class='ocrx_word' id='word_1_104' title='bbox 593 1682 661 1742; x_wconf 84' lang='lat' dir='ltr'>vita</span> <span class='ocrx_word' id='word_1_105' title='bbox 682 1678 864 1752; x_wconf 88' lang='lat' dir='ltr'>defunctus</span> <span class='ocrx_word' id='word_1_106' title='bbox 881 1693 940 1745; x_wconf 87' lang='lat' dir='ltr'>est.</span> <span class='ocrx_word' id='word_1_107' title='bbox 972 1681 1153 1766; x_wconf 79' lang='lat' dir='ltr'>rid.Diug.</span> <span class='ocrx_word' id='word_1_108' title='bbox 1175 1682 1289 1748; x_wconf 66' lang='lat' dir='ltr'>Laert.</span> 
     </span>
     <span class='ocr_line' id='line_1_15' title="bbox 251 1764 1291 1857; baseline 0.001 -26"><span class='ocrx_word' id='word_1_109' title='bbox 251 1767 293 1831; x_wconf 93' lang='lat' dir='ltr'>ll.</span> <span class='ocrx_word' id='word_1_110' title='bbox 308 1789 354 1831; x_wconf 78' lang='lat' dir='ltr'>is.</span> <span class='ocrx_word' id='word_1_111' title='bbox 372 1766 430 1834; x_wconf 93' lang='lat' dir='ltr'>lll.</span> <span class='ocrx_word' id='word_1_112' title='bbox 440 1791 470 1857; x_wconf 86' lang='lat'>9.</span> <span class='ocrx_word' id='word_1_113' title='bbox 492 1767 578 1830; x_wconf 89' lang='lat' dir='ltr'>Plut.</span> <span class='ocrx_word' id='word_1_114' title='bbox 593 1766 713 1831; x_wconf 89' lang='lat' dir='ltr'>Pericl.</span> <span class='ocrx_word' id='word_1_115' title='bbox 724 1787 756 1852; x_wconf 93' lang='lat' dir='ltr'>p.</span> <span class='ocrx_word' id='word_1_116' title='bbox 765 1765 839 1830; x_wconf 73' lang='lat'>654.</span> <span class='ocrx_word' id='word_1_117' title='bbox 858 1764 991 1855; x_wconf 88' lang='lat' dir='ltr'>Ioseph.</span> <span class='ocrx_word' id='word_1_118' title='bbox 1003 1789 1032 1830; x_wconf 91' lang='lat' dir='ltr'>c.</span> <span class='ocrx_word' id='word_1_119' title='bbox 1044 1767 1173 1857; x_wconf 85' lang='lat' dir='ltr'>Apion.</span> <span class='ocrx_word' id='word_1_120' title='bbox 1188 1767 1291 1853; x_wconf 63' lang='lat'>1137.</span> 
     </span>
     <span class='ocr_line' id='line_1_16' title="bbox 252 1851 1294 1941; baseline 0 -22"><span class='ocrx_word' id='word_1_121' title='bbox 252 1855 397 1919; x_wconf 87' lang='lat' dir='ltr'>Lucian.</span> <span class='ocrx_word' id='word_1_122' title='bbox 415 1858 447 1916; x_wconf 92' lang='lat' dir='ltr'>in</span> <span class='ocrx_word' id='word_1_123' title='bbox 460 1855 609 1917; x_wconf 82' lang='lat' dir='ltr'>‘l&#39;imone</span> <span class='ocrx_word' id='word_1_124' title='bbox 628 1875 655 1917; x_wconf 87' lang='lat' dir='ltr'>e.</span> <span class='ocrx_word' id='word_1_125' title='bbox 671 1872 719 1918; x_wconf 87' lang='lat' dir='ltr'>io.</span> <span class='ocrx_word' id='word_1_126' title='bbox 735 1854 850 1941; x_wconf 84' lang='lat' dir='ltr'>ibique</span> <span class='ocrx_word' id='word_1_127' title='bbox 861 1853 1100 1918; x_wconf 89' lang='lat' dir='ltr'>Hemsterbus.</span> <span class='ocrx_word' id='word_1_128' title='bbox 1120 1851 1294 1939; x_wconf 80' lang='lat' dir='ltr'>ct&#39;rych-</span> 
     </span>
     <span class='ocr_line' id='line_1_17' title="bbox 252 1939 1293 2008; baseline 0 -2"><span class='ocrx_word' id='word_1_129' title='bbox 252 1948 366 2006; x_wconf 89' lang='lat' dir='ltr'>senius</span> <span class='ocrx_word' id='word_1_130' title='bbox 391 1939 501 2004; x_wconf 80' lang='lat' dir='ltr'>[leber</span> <span class='ocrx_word' id='word_1_131' title='bbox 519 1939 583 2003; x_wconf 86' lang='lat' dir='ltr'>den</span> <span class='ocrx_word' id='word_1_132' title='bbox 600 1940 742 2005; x_wconf 88' lang='lat' dir='ltr'>Process</span> <span class='ocrx_word' id='word_1_133' title='bbox 754 1940 811 2004; x_wconf 85' lang='lat' dir='ltr'>des</span> <span class='ocrx_word' id='word_1_134' title='bbox 824 1940 981 2006; x_wconf 77' lang='lat' dir='ltr'>Socrates</span> <span class='ocrx_word' id='word_1_135' title='bbox 992 1980 1034 1994; x_wconf 89' lang='lat'>-</span> <span class='ocrx_word' id='word_1_136' title='bbox 1043 1941 1080 2004; x_wconf 91' lang='lat' dir='ltr'>in</span> <span class='ocrx_word' id='word_1_137' title='bbox 1090 1940 1177 2008; x_wconf 90' lang='lat' dir='ltr'>Bibl.</span> <span class='ocrx_word' id='word_1_138' title='bbox 1190 1943 1222 2006; x_wconf 91' lang='lat' dir='ltr'>d.</span> <span class='ocrx_word' id='word_1_139' title='bbox 1235 1940 1293 2006; x_wconf 86' lang='lat' dir='ltr'>alt.</span> 
     </span>
     <span class='ocr_line' id='line_1_18' title="bbox 251 2026 771 2128; baseline -0.006 -35"><span class='ocrx_word' id='word_1_140' title='bbox 251 2027 336 2093; x_wconf 90' lang='lat' dir='ltr'>Litt.</span> <span class='ocrx_word' id='word_1_141' title='bbox 353 2050 385 2091; x_wconf 91' lang='lat' dir='ltr'>u.</span> <span class='ocrx_word' id='word_1_142' title='bbox 403 2027 528 2091; x_wconf 88' lang='lat' dir='ltr'>Kunst.</span> <span class='ocrx_word' id='word_1_143' title='bbox 551 2026 593 2091; x_wconf 88' lang='lat' dir='ltr'>T.</span> <span class='ocrx_word' id='word_1_144' title='bbox 607 2027 646 2091; x_wconf 95' lang='lat' dir='ltr'>ll.</span> <span class='ocrx_word' id='word_1_145' title='bbox 670 2050 705 2128; x_wconf 92' lang='lat' dir='ltr'>p.</span> <span class='ocrx_word' id='word_1_146' title='bbox 721 2027 771 2090; x_wconf 83' lang='lat'>18.</span> 
     </span>
    </p>

    <p class='ocr_par' dir='ltr' id='par_1_3' title="bbox 250 2110 1296 2294">
     <span class='ocr_line' id='line_1_19' title="bbox 316 2110 1295 2202; baseline 0.003 -25"><span class='ocrx_word' id='word_1_147' title='bbox 316 2115 487 2177; x_wconf 84' lang='lat' dir='ltr'>Successit</span> <span class='ocrx_word' id='word_1_148' title='bbox 508 2113 735 2179; x_wconf 78' lang='lat' dir='ltr'>Democritus</span> <span class='ocrx_word' id='word_1_149' title='bbox 755 2110 952 2190; x_wconf 77' lang='lat' dir='ltr'>Abderites,</span> <span class='ocrx_word' id='word_1_150' title='bbox 977 2111 1126 2178; x_wconf 87' lang='lat' dir='ltr'>Socratis</span> <span class='ocrx_word' id='word_1_151' title='bbox 1151 2124 1184 2180; x_wconf 88' lang='lat' dir='ltr'>et</span> <span class='ocrx_word' id='word_1_152' title='bbox 1202 2114 1295 2202; x_wconf 90' lang='lat' dir='ltr'>Hip-</span> 
     </span>
     <span class='ocr_line' id='line_1_20' title="bbox 250 2197 1296 2294; baseline 0.001 -29"><span class='ocrx_word' id='word_1_153' title='bbox 250 2202 397 2288; x_wconf 86' lang='lat' dir='ltr'>pocratis</span> <span class='ocrx_word' id='word_1_154' title='bbox 415 2198 580 2294; x_wconf 78' lang='lat' dir='ltr'>aequalis,</span> <span class='ocrx_word' id='word_1_155' title='bbox 602 2200 639 2262; x_wconf 88' lang='lat' dir='ltr'>in</span> <span class='ocrx_word' id='word_1_156' title='bbox 660 2201 756 2263; x_wconf 90' lang='lat' dir='ltr'>cuius</span> <span class='ocrx_word' id='word_1_157' title='bbox 778 2210 883 2263; x_wconf 86' lang='lat' dir='ltr'>aetate</span> <span class='ocrx_word' id='word_1_158' title='bbox 907 2197 1097 2264; x_wconf 84' lang='lat' dir='ltr'>definienda</span> <span class='ocrx_word' id='word_1_159' title='bbox 1116 2203 1202 2266; x_wconf 90' lang='lat' dir='ltr'>mire</span> <span class='ocrx_word' id='word_1_160' title='bbox 1219 2211 1296 2266; x_wconf 88' lang='lat' dir='ltr'>tur-</span> 
     </span>
    </p>
   </div>
   <div class='ocr_carea' id='block_1_3' title="bbox 158 2286 1294 2371">
    <p class='ocr_par' dir='ltr' id='par_1_4' title="bbox 158 2286 1294 2371">
     <span class='ocr_line' id='line_1_21' title="bbox 158 2286 1294 2371; baseline 0.004 -20"><span class='ocrx_word' id='word_1_161' title='bbox 158 2313 163 2324; x_wconf 89' lang='lat'>·</span> <span class='ocrx_word' id='word_1_162' title='bbox 250 2290 347 2352; x_wconf 84' lang='lat' dir='ltr'>bstse</span> <span class='ocrx_word' id='word_1_163' title='bbox 369 2297 448 2349; x_wconf 90' lang='lat' dir='ltr'>sunt</span> <span class='ocrx_word' id='word_1_164' title='bbox 467 2299 664 2371; x_wconf 89' lang='lat' dir='ltr'>temporum</span> <span class='ocrx_word' id='word_1_165' title='bbox 682 2286 843 2350; x_wconf 85' lang='lat' dir='ltr'>rationes.</span> <span class='ocrx_word' id='word_1_166' title='bbox 865 2286 946 2352; x_wconf 88' lang='lat' dir='ltr'>Vid.</span> <span class='ocrx_word' id='word_1_167' title='bbox 958 2286 1087 2351; x_wconf 84' lang='lat' dir='ltr'>Fabric.</span> <span class='ocrx_word' id='word_1_168' title='bbox 1103 2287 1294 2354; x_wconf 86' lang='lat' dir='ltr'>Harlesian.</span> 
     </span>
    </p>
   </div>
   <div class='ocr_carea' id='block_1_4' title="bbox 252 2371 1296 2459">
    <p class='ocr_par' dir='ltr' id='par_1_5' title="bbox 252 2371 1296 2459">
     <span class='ocr_line' id='line_1_22' title="bbox 252 2371 1296 2459; baseline 0.003 -20"><span class='ocrx_word' id='word_1_169' title='bbox 252 2373 336 2439; x_wconf 88' lang='lat' dir='ltr'>Vol.</span> <span class='ocrx_word' id='word_1_170' title='bbox 350 2372 391 2437; x_wconf 94' lang='lat' dir='ltr'>ll.</span> <span class='ocrx_word' id='word_1_171' title='bbox 416 2394 447 2459; x_wconf 92' lang='lat' dir='ltr'>p.</span> <span class='ocrx_word' id='word_1_172' title='bbox 460 2372 603 2458; x_wconf 81' lang='lat' dir='ltr'>628sqq.</span> <span class='ocrx_word' id='word_1_173' title='bbox 615 2410 659 2423; x_wconf 92' lang='lat'>—</span> <span class='ocrx_word' id='word_1_174' title='bbox 680 2371 836 2436; x_wconf 87' lang='lat' dir='ltr'>Diodoro</span> <span class='ocrx_word' id='word_1_175' title='bbox 848 2372 963 2436; x_wconf 88' lang='lat' dir='ltr'>Siculo</span> <span class='ocrx_word' id='word_1_176' title='bbox 974 2371 1031 2437; x_wconf 86' lang='lat'>01.</span> <span class='ocrx_word' id='word_1_177' title='bbox 1043 2371 1171 2441; x_wconf 84' lang='lat' dir='ltr'>XCIV.</span> <span class='ocrx_word' id='word_1_178' title='bbox 1186 2397 1213 2440; x_wconf 88' lang='lat'>1.</span> <span class='ocrx_word' id='word_1_179' title='bbox 1228 2400 1296 2442; x_wconf 91' lang='lat' dir='ltr'>an-</span> 
     </span>
    </p>
   </div>
   <div class='ocr_carea' id='block_1_5' title="bbox 177 2455 1371 4108">
    <p class='ocr_par' dir='ltr' id='par_1_6' title="bbox 177 2455 1371 3754">
     <span class='ocr_line' id='line_1_23' title="bbox 253 2455 1297 2549; baseline 0 -21"><span class='ocrx_word' id='word_1_180' title='bbox 253 2486 315 2528; x_wconf 85' lang='lat' dir='ltr'>nos</span> <span class='ocrx_word' id='word_1_181' title='bbox 332 2462 530 2549; x_wconf 79' lang='lat' dir='ltr'>nonaginta</span> <span class='ocrx_word' id='word_1_182' title='bbox 547 2470 652 2523; x_wconf 87' lang='lat' dir='ltr'>natus</span> <span class='ocrx_word' id='word_1_183' title='bbox 669 2455 791 2523; x_wconf 85' lang='lat' dir='ltr'>obiisse</span> <span class='ocrx_word' id='word_1_184' title='bbox 810 2459 950 2539; x_wconf 91' lang='lat' dir='ltr'>dicitur,</span> <span class='ocrx_word' id='word_1_185' title='bbox 973 2461 1167 2546; x_wconf 65' lang='lat' dir='ltr'>stultitiane</span> <span class='ocrx_word' id='word_1_186' title='bbox 1183 2474 1297 2528; x_wconf 84' lang='lat' dir='ltr'>terras</span> 
     </span>
     <span class='ocr_line' id='line_1_24' title="bbox 253 2544 1371 2636; baseline 0.004 -25"><span class='ocrx_word' id='word_1_187' title='bbox 253 2570 465 2636; x_wconf 79' lang='lat' dir='ltr'>peragrasse</span> <span class='ocrx_word' id='word_1_188' title='bbox 489 2544 633 2623; x_wconf 86' lang='lat' dir='ltr'>traditur</span> <span class='ocrx_word' id='word_1_189' title='bbox 656 2544 819 2611; x_wconf 80' lang='lat' dir='ltr'>Ciceroni</span> <span class='ocrx_word' id='word_1_190' title='bbox 841 2546 882 2611; x_wconf 89' lang='lat' dir='ltr'>de</span> <span class='ocrx_word' id='word_1_191' title='bbox 900 2546 974 2611; x_wconf 85' lang='lat' dir='ltr'>Fin.</span> <span class='ocrx_word' id='word_1_192' title='bbox 994 2547 1039 2612; x_wconf 89' lang='lat' dir='ltr'>V.</span> <span class='ocrx_word' id='word_1_193' title='bbox 1057 2568 1104 2634; x_wconf 86' lang='lat'>¹9·</span> <span class='ocrx_word' id='word_1_194' title='bbox 1126 2549 1184 2635; x_wconf 79' lang='lat' dir='ltr'>qui</span> <span class='ocrx_word' id='word_1_195' title='bbox 1205 2550 1297 2615; x_wconf 88' lang='lat' dir='ltr'>mul-</span> <span class='ocrx_word' id='word_1_196' title='bbox 1364 2570 1371 2583; x_wconf 87' lang='lat'><strong>·</strong></span> 
     </span>
     <span class='ocr_line' id='line_1_25' title="bbox 253 2632 1298 2719; baseline 0.005 -24"><span class='ocrx_word' id='word_1_197' title='bbox 253 2643 309 2695; x_wconf 86' lang='lat' dir='ltr'>tus</span> <span class='ocrx_word' id='word_1_198' title='bbox 325 2644 376 2696; x_wconf 90' lang='lat' dir='ltr'>est</span> <span class='ocrx_word' id='word_1_199' title='bbox 395 2633 431 2695; x_wconf 90' lang='lat' dir='ltr'>in</span> <span class='ocrx_word' id='word_1_200' title='bbox 454 2633 657 2718; x_wconf 83' lang='lat' dir='ltr'>opinionum</span> <span class='ocrx_word' id='word_1_201' title='bbox 673 2633 743 2696; x_wconf 89' lang='lat' dir='ltr'>sive</span> <span class='ocrx_word' id='word_1_202' title='bbox 762 2632 967 2719; x_wconf 83' lang='lat' dir='ltr'>placitorum</span> <span class='ocrx_word' id='word_1_203' title='bbox 988 2633 1176 2698; x_wconf 85' lang='lat' dir='ltr'>Democriti</span> <span class='ocrx_word' id='word_1_204' title='bbox 1196 2658 1298 2701; x_wconf 88' lang='lat' dir='ltr'>enar-</span> 
     </span>
     <span class='ocr_line' id='line_1_26' title="bbox 254 2717 1297 2811; baseline 0.005 -28"><span class='ocrx_word' id='word_1_205' title='bbox 254 2721 394 2783; x_wconf 90' lang='lat' dir='ltr'>ratione.</span> <span class='ocrx_word' id='word_1_206' title='bbox 441 2717 483 2785; x_wconf 85' lang='lat' dir='ltr'>cf.</span> <span class='ocrx_word' id='word_1_207' title='bbox 503 2718 670 2782; x_wconf 76' lang='lat' dir='ltr'>Gedikius</span> <span class='ocrx_word' id='word_1_208' title='bbox 699 2717 735 2780; x_wconf 91' lang='lat' dir='ltr'>in</span> <span class='ocrx_word' id='word_1_209' title='bbox 768 2717 945 2792; x_wconf 81' lang='lat' dir='ltr'>Ciceronis</span> <span class='ocrx_word' id='word_1_210' title='bbox 969 2721 1127 2803; x_wconf 20' lang='lat' dir='ltr'>historia,</span> <span class='ocrx_word' id='word_1_211' title='bbox 1138 2723 1297 2811; x_wconf 79' lang='lat' dir='ltr'>philoso-</span> 
     </span>
     <span class='ocr_line' id='line_1_27' title="bbox 251 2803 1299 2896; baseline 0.004 -25"><span class='ocrx_word' id='word_1_212' title='bbox 251 2807 358 2896; x_wconf 80' lang='lat' dir='ltr'>phiae</span> <span class='ocrx_word' id='word_1_213' title='bbox 374 2806 542 2893; x_wconf 79' lang='lat' dir='ltr'>antiquae</span> <span class='ocrx_word' id='word_1_214' title='bbox 562 2803 715 2868; x_wconf 90' lang='lat' dir='ltr'>Berolini</span> <span class='ocrx_word' id='word_1_215' title='bbox 734 2807 823 2891; x_wconf 74' lang='lat'>1782.</span> <span class='ocrx_word' id='word_1_216' title='bbox 844 2807 874 2870; x_wconf 88' lang='grc'>8.</span> <span class='ocrx_word' id='word_1_217' title='bbox 922 2808 982 2891; x_wconf 85' lang='lat' dir='ltr'>.li7</span> <span class='ocrx_word' id='word_1_218' title='bbox 993 2828 1065 2893; x_wconf 89' lang='lat' dir='ltr'>sqq.</span> <span class='ocrx_word' id='word_1_219' title='bbox 1090 2807 1144 2872; x_wconf 90' lang='lat' dir='ltr'>De</span> <span class='ocrx_word' id='word_1_220' title='bbox 1158 2811 1299 2874; x_wconf 88' lang='lat' dir='ltr'>Atomis</span> 
     </span>
     <span class='ocr_line' id='line_1_28' title="bbox 254 2829 1299 2984; baseline 0.003 -28"><span class='ocrx_word' id='word_1_221' title='bbox 254 2893 427 2956; x_wconf 89' lang='lat' dir='ltr'>doctrinae</span> <span class='ocrx_word' id='word_1_222' title='bbox 451 2891 664 2965; x_wconf 84' lang='lat' dir='ltr'>inventione,</span> <span class='ocrx_word' id='word_1_223' title='bbox 699 2912 784 2978; x_wconf 86' lang='lat' dir='ltr'>quae</span> <span class='ocrx_word' id='word_1_224' title='bbox 811 2889 853 2955; x_wconf 86' lang='lat' dir='ltr'>ab</span> <span class='ocrx_word' id='word_1_225' title='bbox 873 2829 946 2956; x_wconf 77' lang='lat' dir='ltr'>allis</span> <span class='ocrx_word' id='word_1_226' title='bbox 968 2903 1082 2957; x_wconf 85' lang='lat' dir='ltr'>tamen</span> <span class='ocrx_word' id='word_1_227' title='bbox 1104 2894 1299 2984; x_wconf 82' lang='lat' dir='ltr'>Leucippo,</span> 
     </span>
     <span class='ocr_line' id='line_1_29' title="bbox 252 2977 1298 3067; baseline 0.002 -24"><span class='ocrx_word' id='word_1_228' title='bbox 252 2978 444 3044; x_wconf 81' lang='lat' dir='ltr'>Democriti</span> <span class='ocrx_word' id='word_1_229' title='bbox 461 2977 693 3064; x_wconf 86' lang='lat' dir='ltr'>praeceptori,</span> <span class='ocrx_word' id='word_1_230' title='bbox 716 2978 892 3058; x_wconf 86' lang='lat' dir='ltr'>tribuitur,</span> <span class='ocrx_word' id='word_1_231' title='bbox 916 2978 1072 3067; x_wconf 85' lang='lat' dir='ltr'>Epicuro</span> <span class='ocrx_word' id='word_1_232' title='bbox 1121 2982 1298 3045; x_wconf 83' lang='lat' dir='ltr'>reclusisse</span> 
     </span>
     <span class='ocr_line' id='line_1_30' title="bbox 253 3003 1299 3157; baseline 0 -27"><span class='ocrx_word' id='word_1_233' title='bbox 253 3066 362 3131; x_wconf 82' lang='lat' dir='ltr'>videri</span> <span class='ocrx_word' id='word_1_234' title='bbox 383 3062 490 3128; x_wconf 88' lang='lat' dir='ltr'>debet.</span> <span class='ocrx_word' id='word_1_235' title='bbox 536 3065 698 3155; x_wconf 86' lang='lat' dir='ltr'>Ceterum</span> <span class='ocrx_word' id='word_1_236' title='bbox 715 3066 837 3151; x_wconf 85' lang='lat' dir='ltr'>ingens</span> <span class='ocrx_word' id='word_1_237' title='bbox 858 3066 1042 3143; x_wconf 88' lang='lat' dir='ltr'>librorum,</span> <span class='ocrx_word' id='word_1_238' title='bbox 1064 3003 1182 3145; x_wconf 71' lang='lat' dir='ltr'>allici,</span> <span class='ocrx_word' id='word_1_239' title='bbox 1204 3066 1299 3157; x_wconf 85' lang='lat' dir='ltr'>phy-</span> 
     </span>
     <span class='ocr_line' id='line_1_31' title="bbox 255 3151 1298 3240; baseline 0 -23"><span class='ocrx_word' id='word_1_240' title='bbox 255 3153 335 3229; x_wconf 89' lang='lat' dir='ltr'>sici,</span> <span class='ocrx_word' id='word_1_241' title='bbox 378 3151 628 3227; x_wconf 86' lang='lat' dir='ltr'>mathematici,</span> <span class='ocrx_word' id='word_1_242' title='bbox 672 3152 903 3235; x_wconf 82' lang='lat' dir='ltr'>grammatici,</span> <span class='ocrx_word' id='word_1_243' title='bbox 947 3153 1069 3217; x_wconf 88' lang='lat' dir='ltr'>musici</span> <span class='ocrx_word' id='word_1_244' title='bbox 1098 3155 1298 3240; x_wconf 75' lang='lat' dir='ltr'>et‘poe&#39;tici,</span> 
     </span>
     <span class='ocr_line' id='line_1_32' title="bbox 253 3236 1299 3328; baseline 0.003 -26"><span class='ocrx_word' id='word_1_245' title='bbox 253 3237 420 3313; x_wconf 90' lang='lat' dir='ltr'>technici,</span> <span class='ocrx_word' id='word_1_246' title='bbox 445 3236 600 3301; x_wconf 86' lang='lat' dir='ltr'>historici</span> <span class='ocrx_word' id='word_1_247' title='bbox 617 3239 825 3322; x_wconf 78' lang='lat' dir='ltr'>argumenti,</span> <span class='ocrx_word' id='word_1_248' title='bbox 848 3260 867 3300; x_wconf 90' lang='lat' dir='ltr'>a</span> <span class='ocrx_word' id='word_1_249' title='bbox 885 3239 1080 3303; x_wconf 88' lang='lat' dir='ltr'>Democrito</span> <span class='ocrx_word' id='word_1_250' title='bbox 1094 3263 1201 3328; x_wconf 87' lang='lat' dir='ltr'>prosa</span> <span class='ocrx_word' id='word_1_251' title='bbox 1219 3262 1299 3305; x_wconf 90' lang='lat' dir='ltr'>ora-</span> 
     </span>
     <span class='ocr_line' id='line_1_33' title="bbox 253 3323 1299 3411; baseline 0.001 -21"><span class='ocrx_word' id='word_1_252' title='bbox 253 3331 347 3390; x_wconf 90' lang='lat' dir='ltr'>tione</span> <span class='ocrx_word' id='word_1_253' title='bbox 367 3335 401 3386; x_wconf 88' lang='lat' dir='ltr'>et</span> <span class='ocrx_word' id='word_1_254' title='bbox 422 3324 570 3388; x_wconf 70' lang='lat' dir='ltr'>dialeue</span> <span class='ocrx_word' id='word_1_255' title='bbox 586 3323 708 3389; x_wconf 88' lang='lat' dir='ltr'>Ionica</span> <span class='ocrx_word' id='word_1_256' title='bbox 731 3324 1026 3411; x_wconf 85' lang='lat' dir='ltr'>conscriptorum,</span> <span class='ocrx_word' id='word_1_257' title='bbox 1064 3347 1147 3410; x_wconf 89' lang='lat' dir='ltr'>quos</span> <span class='ocrx_word' id='word_1_258' title='bbox 1175 3347 1299 3391; x_wconf 87' lang='lat' dir='ltr'>recen-</span> 
     </span>
     <span class='ocr_line' id='line_1_34' title="bbox 255 3408 1297 3501; baseline 0.002 -26"><span class='ocrx_word' id='word_1_259' title='bbox 255 3421 370 3495; x_wconf 77' lang='lat' dir='ltr'>suerat</span> <span class='ocrx_word' id='word_1_260' title='bbox 390 3409 470 3474; x_wconf 90' lang='lat' dir='ltr'>olim</span> <span class='ocrx_word' id='word_1_261' title='bbox 493 3408 748 3488; x_wconf 81' lang='lat' dir='ltr'>Callimachus,</span> <span class='ocrx_word' id='word_1_262' title='bbox 778 3421 812 3474; x_wconf 90' lang='lat' dir='ltr'>et</span> <span class='ocrx_word' id='word_1_263' title='bbox 833 3430 894 3496; x_wconf 88' lang='lat' dir='ltr'>per</span> <span class='ocrx_word' id='word_1_264' title='bbox 914 3412 1125 3496; x_wconf 85' lang='lat' dir='ltr'>tetralogias,</span> <span class='ocrx_word' id='word_1_265' title='bbox 1157 3412 1297 3501; x_wconf 79' lang='lat' dir='ltr'>peritade</span> 
     </span>
     <span class='ocr_line' id='line_1_35' title="bbox 253 3494 1297 3583; baseline 0 -21"><span class='ocrx_word' id='word_1_266' title='bbox 253 3496 473 3573; x_wconf 76' lang='lat' dir='ltr'>utPlatanis</span> <span class='ocrx_word' id='word_1_267' title='bbox 494 3496 634 3581; x_wconf 87' lang='lat' dir='ltr'>scripta,</span> <span class='ocrx_word' id='word_1_268' title='bbox 657 3497 841 3581; x_wconf 87' lang='lat' dir='ltr'>digesserat</span> <span class='ocrx_word' id='word_1_269' title='bbox 864 3494 1080 3583; x_wconf 80' lang='lat' dir='ltr'>Thrasyllus,</span> <span class='ocrx_word' id='word_1_270' title='bbox 1104 3498 1214 3562; x_wconf 85' lang='lat' dir='ltr'>fertur</span> <span class='ocrx_word' id='word_1_271' title='bbox 1228 3522 1297 3562; x_wconf 84' lang='lat' dir='ltr'>nu·</span> 
     </span>
     <span class='ocr_line' id='line_1_36' title="bbox 254 3579 1298 3684; baseline 0 -33"><span class='ocrx_word' id='word_1_272' title='bbox 254 3606 370 3651; x_wconf 88' lang='lat' dir='ltr'>merus</span> <span class='ocrx_word' id='word_1_273' title='bbox 389 3584 436 3670; x_wconf 81' lang='lat' dir='ltr'>(r.</span> <span class='ocrx_word' id='word_1_274' title='bbox 451 3579 476 3644; x_wconf 86' lang='lat' dir='ltr'>F</span> <span class='ocrx_word' id='word_1_275' title='bbox 478 3581 581 3646; x_wconf 90' lang='lat' dir='ltr'>abric.</span> <span class='ocrx_word' id='word_1_276' title='bbox 592 3581 724 3646; x_wconf 85' lang='lat' dir='ltr'>Harles.</span> <span class='ocrx_word' id='word_1_277' title='bbox 748 3583 791 3647; x_wconf 89' lang='lat' dir='ltr'>T.</span> <span class='ocrx_word' id='word_1_278' title='bbox 805 3581 846 3647; x_wconf 91' lang='lat' dir='ltr'>ll.</span> <span class='ocrx_word' id='word_1_279' title='bbox 863 3604 894 3684; x_wconf 92' lang='lat' dir='ltr'>p.</span> <span class='ocrx_word' id='word_1_280' title='bbox 906 3582 968 3646; x_wconf 66' lang='lat'>654</span> <span class='ocrx_word' id='word_1_281' title='bbox 981 3588 1082 3671; x_wconf 56' lang='lat' dir='ltr'>sqq),</span> <span class='ocrx_word' id='word_1_282' title='bbox 1112 3586 1147 3648; x_wconf 92' lang='lat' dir='ltr'>in</span> <span class='ocrx_word' id='word_1_283' title='bbox 1170 3585 1223 3649; x_wconf 90' lang='lat' dir='ltr'>bis</span> <span class='ocrx_word' id='word_1_284' title='bbox 1244 3598 1298 3651; x_wconf 86' lang='lat' dir='ltr'>ta·</span> 
     </span>
     <span class='ocr_line' id='line_1_37' title="bbox 177 3667 1297 3754; baseline 0.001 -19"><span class='ocrx_word' id='word_1_285' title='bbox 177 3736 182 3745; x_wconf 73' lang='grc'><strong>,</strong></span> <span class='ocrx_word' id='word_1_286' title='bbox 254 3692 335 3735; x_wconf 89' lang='lat' dir='ltr'>men</span> <span class='ocrx_word' id='word_1_287' title='bbox 376 3667 467 3732; x_wconf 84' lang='lat' dir='ltr'>lares</span> <span class='ocrx_word' id='word_1_288' title='bbox 488 3669 594 3754; x_wconf 85' lang='lat' dir='ltr'>spurii</span> <span class='ocrx_word' id='word_1_289' title='bbox 614 3691 652 3731; x_wconf 88' lang='lat' dir='ltr'>ac</span> <span class='ocrx_word' id='word_1_290' title='bbox 674 3692 711 3732; x_wconf 89' lang='lat' dir='ltr'>su</span> <span class='ocrx_word' id='word_1_291' title='bbox 764 3671 885 3735; x_wconf 86' lang='lat' dir='ltr'>ositicii</span> <span class='ocrx_word' id='word_1_292' title='bbox 903 3667 1155 3737; x_wconf 82' lang='lat' dir='ltr'>habenturiam</span> <span class='ocrx_word' id='word_1_293' title='bbox 1173 3675 1297 3737; x_wconf 84' lang='lat' dir='ltr'>veteri-</span> 
     </span>
    </p>

    <p class='ocr_par' dir='ltr' id='par_1_7' title="bbox 254 3691 1298 4108">
     <span class='ocr_line' id='line_1_38' title="bbox 254 3691 1298 3846; baseline 0.003 -25"><span class='ocrx_word' id='word_1_294' title='bbox 254 3757 330 3822; x_wconf 87' lang='lat' dir='ltr'>bus.</span> <span class='ocrx_word' id='word_1_295' title='bbox 353 3691 568 3823; x_wconf 74' lang='lat' dir='ltr'>V.Gellium</span> <span class='ocrx_word' id='word_1_296' title='bbox 586 3755 631 3819; x_wconf 90' lang='lat' dir='ltr'>N.</span> <span class='ocrx_word' id='word_1_297' title='bbox 647 3757 690 3820; x_wconf 83' lang='lat' dir='ltr'>A.</span> <span class='ocrx_word' id='word_1_298' title='bbox 747 3803 755 3818; x_wconf 91' lang='lat'>.</span> <span class='ocrx_word' id='word_1_299' title='bbox 782 3777 829 3819; x_wconf 71' lang='grc' dir='ltr'>ια.</span> <span class='ocrx_word' id='word_1_300' title='bbox 870 3756 984 3821; x_wconf 86' lang='lat' dir='ltr'>Etiam</span> <span class='ocrx_word' id='word_1_301' title='bbox 1006 3760 1146 3846; x_wconf 77' lang='lat' dir='ltr'>magica</span> <span class='ocrx_word' id='word_1_302' title='bbox 1164 3770 1198 3821; x_wconf 88' lang='lat' dir='ltr'>et</span> <span class='ocrx_word' id='word_1_303' title='bbox 1217 3762 1298 3825; x_wconf 80' lang='lat' dir='ltr'>clae-</span> 
     </span>
     <span class='ocr_line' id='line_1_39' title="bbox 254 3841 1296 3933; baseline 0.001 -23"><span class='ocrx_word' id='word_1_304' title='bbox 254 3846 347 3911; x_wconf 86' lang='lat' dir='ltr'>miea</span> <span class='ocrx_word' id='word_1_305' title='bbox 364 3845 489 3931; x_wconf 88' lang='lat' dir='ltr'>scripta</span> <span class='ocrx_word' id='word_1_306' title='bbox 502 3842 688 3905; x_wconf 85' lang='lat' dir='ltr'>Democriti</span> <span class='ocrx_word' id='word_1_307' title='bbox 704 3841 920 3921; x_wconf 85' lang='lat' dir='ltr'>ferebantur,</span> <span class='ocrx_word' id='word_1_308' title='bbox 942 3855 975 3907; x_wconf 90' lang='lat' dir='ltr'>et</span> <span class='ocrx_word' id='word_1_309' title='bbox 988 3844 1142 3927; x_wconf 79' lang='lat' dir='ltr'>elremicir</span> <span class='ocrx_word' id='word_1_310' title='bbox 1156 3846 1296 3933; x_wconf 83' lang='lat' dir='ltr'>quidem</span> 
     </span>
     <span class='ocr_line' id='line_1_40' title="bbox 254 3927 1295 4016; baseline -0.003 -22"><span class='ocrx_word' id='word_1_311' title='bbox 254 3931 316 3994; x_wconf 88' lang='lat' dir='ltr'>sub</span> <span class='ocrx_word' id='word_1_312' title='bbox 335 3931 407 3993; x_wconf 84' lang='lat' dir='ltr'>eius</span> <span class='ocrx_word' id='word_1_313' title='bbox 427 3928 568 3993; x_wconf 88' lang='lat' dir='ltr'>nomine</span> <span class='ocrx_word' id='word_1_314' title='bbox 587 3927 696 3991; x_wconf 75' lang='lat' dir='ltr'>adbuc</span> <span class='ocrx_word' id='word_1_315' title='bbox 713 3930 850 3994; x_wconf 80' lang='lat' dir='ltr'>inedita</span> <span class='ocrx_word' id='word_1_316' title='bbox 872 3953 1000 4016; x_wconf 78' lang='lat' dir='ltr'>graece</span> <span class='ocrx_word' id='word_1_317' title='bbox 1021 3941 1155 3994; x_wconf 81' lang='lat' dir='ltr'>exstant</span> <span class='ocrx_word' id='word_1_318' title='bbox 1179 3936 1213 3997; x_wconf 91' lang='lat' dir='ltr'>in</span> <span class='ocrx_word' id='word_1_319' title='bbox 1234 3934 1295 3998; x_wconf 85' lang='lat' dir='ltr'>Bi.</span> 
     </span>
     <span class='ocr_line' id='line_1_41' title="bbox 255 4015 1297 4108; baseline 0.001 -27"><span class='ocrx_word' id='word_1_320' title='bbox 255 4016 449 4092; x_wconf 88' lang='lat' dir='ltr'>blicthecis,</span> <span class='ocrx_word' id='word_1_321' title='bbox 482 4016 593 4080; x_wconf 83' lang='lat' dir='ltr'>latine</span> <span class='ocrx_word' id='word_1_322' title='bbox 620 4024 730 4079; x_wconf 89' lang='lat' dir='ltr'>autem</span> <span class='ocrx_word' id='word_1_323' title='bbox 758 4015 845 4078; x_wconf 86' lang='lat' dir='ltr'>edita</span> <span class='ocrx_word' id='word_1_324' title='bbox 869 4028 949 4079; x_wconf 90' lang='lat' dir='ltr'>sunt</span> <span class='ocrx_word' id='word_1_325' title='bbox 979 4037 1058 4080; x_wconf 90' lang='lat' dir='ltr'>cum</span> <span class='ocrx_word' id='word_1_326' title='bbox 1090 4017 1227 4108; x_wconf 81' lang='lat' dir='ltr'>Synesii</span> <span class='ocrx_word' id='word_1_327' title='bbox 1257 4042 1297 4083; x_wconf 89' lang='lat' dir='ltr'>ac</span> 
     </span>
    </p>
   </div>
   <div class='ocr_carea' id='block_1_6' title="bbox 257 4101 1405 4193">
    <p class='ocr_par' dir='ltr' id='par_1_8' title="bbox 257 4101 1405 4193">
     <span class='ocr_line' id='line_1_42' title="bbox 257 4101 1405 4193; baseline 0.003 -25"><span class='ocrx_word' id='word_1_328' title='bbox 257 4104 401 4192; x_wconf 80' lang='lat' dir='ltr'>Pelagii</span> <span class='ocrx_word' id='word_1_329' title='bbox 425 4101 698 4179; x_wconf 84' lang='lat' dir='ltr'>commentariis,</span> <span class='ocrx_word' id='word_1_330' title='bbox 731 4102 862 4165; x_wconf 79' lang='lat' dir='ltr'>Patavii</span> <span class='ocrx_word' id='word_1_331' title='bbox 883 4103 975 4189; x_wconf 74' lang='lat'>1572.</span> <span class='ocrx_word' id='word_1_332' title='bbox 997 4104 1027 4166; x_wconf 81' lang='lat'>8.</span> <span class='ocrx_word' id='word_1_333' title='bbox 1068 4101 1298 4193; x_wconf 86' lang='lat' dir='ltr'>Reliquorum</span> <span class='ocrx_word' id='word_1_334' title='bbox 1402 4164 1405 4169; x_wconf 91' lang='lat'>.</span> 
     </span>
    </p>
   </div>
   <div class='ocr_carea' id='block_1_7' title="bbox 256 4187 1298 4343">
    <p class='ocr_par' dir='ltr' id='par_1_9' title="bbox 256 4187 1298 4343">
     <span class='ocr_line' id='line_1_43' title="bbox 256 4187 1298 4343; baseline 0.002 -89"><span class='ocrx_word' id='word_1_335' title='bbox 256 4190 515 4281; x_wconf 84' lang='lat' dir='ltr'>deperditarum</span> <span class='ocrx_word' id='word_1_336' title='bbox 525 4187 694 4254; x_wconf 87' lang='lat' dir='ltr'>librorum</span> <span class='ocrx_word' id='word_1_337' title='bbox 708 4188 912 4274; x_wconf 81' lang='lat' dir='ltr'>Fragmenta</span> <span class='ocrx_word' id='word_1_338' title='bbox 923 4190 1161 4343; x_wconf 72' lang='lat' dir='ltr'>etEpietplae,</span> <span class='ocrx_word' id='word_1_339' title='bbox 1179 4194 1298 4259; x_wconf 88' lang='lat' dir='ltr'>itidem</span> 
     </span>
     <span class='ocr_line' id='line_1_44' title="bbox 1050 4298 1211 4340; baseline -0.006 0"><span class='ocrx_word' id='word_1_340' title='bbox 1050 4298 1062 4340; x_wconf 84' lang='grc' dir='ltr'><strong><em>ι</em></strong></span> <span class='ocrx_word' id='word_1_341' title='bbox 1201 4318 1211 4339; x_wconf 53' lang='lat' dir='ltr'>a</span> 
     </span>
    </p>
   </div>
   <div class='ocr_carea' id='block_1_8' title="bbox 0 0 1483 4875">
    <p class='ocr_par' dir='ltr' id='par_1_10' title="bbox 0 0 1483 4875">
     <span class='ocr_line' id='line_1_45' title="bbox 0 0 1483 4875; baseline 0 0"><span class='ocrx_word' id='word_1_342' title='bbox 0 0 1483 4875; x_wconf 95' lang='lat' dir='ltr'> </span> 
     </span>
    </p>
   </div>
  </div>
 </body>
</html>
