2942 4875
113 217 127 250 t

157 367 225 437 nrt
389 366 745 435 Gsoausrnrs.
776 364 982 431 scrssx

199 575 202 579 -
226 559 278 609 gen
295 539 406 611 ryph-
421 509 517 600 hired.
529 537 729 608 hemeringen
740 541 806 593 siber
820 540 863 592 die
872 541 974 622 Sphirs
987 541 1035 594 der
1044 539 1136 595 Altis.
1148 543 1210 596 nte

230 627 344 679 1797.-
360 608 463 662 Idelsri
474 607 637 664 Hhtoshelre
650 609 888 674 Uacersnchnngen
910 610 975 660 uber
994 610 1038 660 die
1052 611 1219 663 anmi-¹
1306 637 1312 646 .

228 679 311 728 seben
329 676 551 742 Beohschtungcn
569 678 614 728 der
631 674 722 728 Alcen.
736 675 827 728 Berlin
839 672 909 727 1806·
917 676 983 728 8.-
1000 677 1094 730 sim
1115 676 1212 728 unse·

229 744 384 808 ssschnngen
407 743 472 796 iiber
491 744 543 794 den
565 745 705 809 Uesprong
727 761 755 793 n.
776 743 894 795 sedente
949 742 996 792 der
1015 743 1214 796 ster-mines
1289 753 1295 758 '

230 811 296 863 ibid.
311 809 456 877 1809.8.-·-
473 812 551 862 Idem
561 812 649 862 Ueher
666 811 711 861 dss
726 760 953 882 vehsttntunda
971 800 1137 873 Copaisicus
1157 829 1218 862 zara

231 878 426 934 Alterthum-
438 880 467 930 in
479 877 548 929 isus.
561 876 588 929 d.
598 877 715 930 atzmu
728 880 808 927 Wiss.
818 879 851 927 T.
860 877 896 928 11.
1004 877 1223 935 -Idemllcber

233 945 285 996 den
298 945 395 1014 Cyclns
411 944 457 994 des
471 944 563 995 Meton
581 947 609 996 in
625 943 838 1009 Ablundlnngen
853 896 940 996 derb.
984 944 1042 996 esd.
1054 943 1083 997 d·
1095 945 1177 999 was.
1194 947 1223 997 in

234 1012 326 1068 Batia
343 1009 416 1065 1818.
433 1011 534 1066 flator.
547 1010 645 1064 Philol.
660 1010 751 1062 Classe
766 1009 860 1079 pado.

631 1141 658 1234 y,
685 1141 757 1211 103.

239 1294 768 1386 Gsogreplzioemethemnticae
784 1308 819 1363 et
835 1295 1001 1386 physicae
1015 1293 1222 1361 fundamen·

167 1393 203 1448 ts
220 1382 374 1446 iecerunt
392 1381 495 1447 iidem
515 1381 729 1469 philosophi,
751 1405 900 1471 quorum
916 1384 954 1448 in
974 1384 1142 1471 physicis,
1158 1404 1222 1467 ge·

170 1469 345 1536 ometricis
367 1480 400 1536 at
417 1471 655 1535 astronomicis
683 1469 849 1537 doctrinis
902 1470 987 1534 osita
1015 1469 1125 1534 studia
1145 1469 1224 1532 lau·

170 1555 342 1622 davimns:
363 1559 454 1622 inter
465 1579 549 1645 quos
560 1559 831 1625 Anaximander
842 1493 972 1622 tabulas
981 1579 1046 1644 geo
1072 1554 1225 1642 saphicas

168 1643 303 1795 primus
314 1643 486 1709 invenisse
506 1645 642 1708 dicitur.
667 1644 710 1708 V.
721 1643 924 1717 Strabonem
937 1645 963 1708 l.
973 1666 1006 1730 p.
1024 1580 1112 1712 nic,
1124 1643 1226 1730 Diog.

207 1731 288 1794 sert,
301 1727 343 1797 ll.
358 1753 388 1796 a.
412 1730 623 1796 Historicoe
644 1750 724 1795 vero
747 1741 915 1796 terrarum
936 1742 970 1795 et
982 1730 1140 1795 locorum
1162 1731 1227 1793 de*

171 1818 368 1903 scriptionis
399 1820 491 1905 apud
520 1814 672 1881 Graecos
700 1819 817 1901 fontes
844 1816 1013 1882 habentor
1045 1818 1226 1906 poctarum

171 1904 483 1969 vetustissimorum
501 1905 663 1984 earmina,
688 1903 837 1971 Homeri
855 1906 1005 1971 maxime
1023 1915 1057 1969 et
1069 1903 1226 1983 Hesiodi,

172 2010 191 2058 s
210 1990 333 2082 quibus
355 2000 509 2079 acceptas
528 1996 685 2068 notiones
704 1991 746 2054 de
763 2002 936 2057 terrarum
958 1993 1024 2056 situ
1040 2003 1074 2057 et
1093 1988 1226 2055 ambitu

171 2077 376 2168 populisque
398 2088 524 2142 terram
554 2075 823 2144 inhabitantibus
844 2077 939 2143 valde
955 2100 1090 2143 mancas
1111 2088 1146 2142 et
1157 2078 1227 2142 im·
1333 2107 1347 2124 ·

172 2163 344 2253 perfectas
363 2173 463 2251 atque
483 2160 679 2230 fabularum
702 2166 904 2231 commentis
925 2166 1076 2230 turbatas
1104 2175 1138 2228 et
1159 2164 1226 2228 ob-

170 2261 338 2328 scuratas,
351 2250 570 2316 historiarum
582 2252 778 2340 scriptores,
791 2258 882 2318 inter
890 2273 974 2338 quos
983 2250 1225 2318 eminentHe·

173 2348 293 2408 caseus
306 2336 479 2417 Milesius,
490 2335 682 2405 Damastes
691 2340 818 2428 Sigeas
828 2351 862 2405 at
868 2339 1086 2416 Herodotus,
1097 2349 1225 2403 utcun-

177 2448 244 2511 qua
259 2425 468 2505 amandatas,
488 2424 529 2488 ad
547 2447 733 2529 rerumque
754 2429 861 2515 magis
883 2432 1058 2492 veritatem
1078 2433 1227 2504 exactas,

175 2523 483 2598 rerumgestarum
502 2513 690 2577 narrationi
710 2520 941 2582 inseruerunt.
986 2513 1129 2578 Interim
1151 2523 1229 2578 stu·

177 2599 232 2664 dia
259 2598 486 2687 geographica
507 2598 720 2687 aliquantum
742 2603 854 2666 adiuta
869 2611 948 2666 sunt
959 2599 1226 2691 peregrinatio·

176 2685 280 2753 nibus
300 2698 389 2755 terra
409 2684 495 2751 mari
521 2707 562 2750 ne
594 2690 777 2775 susceptis,
810 2709 956 2776 quarum
980 2686 1227 2772 descriptiones

177 2773 380 2852 nonnullas,
404 2707 678 2860 quaelsodieque
699 2785 850 2851 exstent,
873 2774 937 2838 hac
984 2795 1060 2837 uam
1089 2793 1229 2837 enarra-

176 2881 255 2927 mus
276 2870 381 2924 aetate
396 2859 508 2927 lucam
527 2859 650 2925 vidisse
677 2860 853 2947 probabile
874 2858 922 2925 fis
999 2867 1074 2924 uiua
1094 2857 1228 2946 generis

176 2956 228 3010 est
241 2946 401 3035 Periplus
419 2946 473 3010 val
487 2946 793 3035 circumnavigstio
809 2968 910 3033 quam
931 2947 959 3012 S
975 2988 979 2996 ·
998 2946 1058 3011 lue
1071 2943 1231 3031 Car-yan-

177 3031 308 3112 dansir,
329 3057 374 3100 ex
384 3032 687 3110 herlemundus,
709 3034 799 3098 circs
821 3033 879 3099 01.
892 3031 960 3097 LX
997 3030 1056 3097 lll.
1069 3029 1228 3100 1.A.Ch.

177 3120 253 3187 508.
278 3124 372 3184 taste‘
387 3119 567 3189 Herodoto
590 3120 807 3272 (IV.ll.p)a‹1
829 3114 906 3186 ludi
917 3117 1014 3184 fluvii
1029 3120 1113 3183 ostia
1131 3139 1230 3182 oras-

179 3230 245 3296 que
262 3209 449 3273 maritimas
465 3205 657 3273 lustrandas
687 3229 705 3272 a
758 3213 831 3272 ario
849 3206 1030 3293 Hystaspis
1048 3203 1122 3270 lilio
1148 3225 1228 3268 cum

178 3294 251 3363 aliis
272 3295 336 3360 iter
357 3292 470 3358 faeere
499 3296 610 3360 iussus
632 3295 796 3373 instituit,
830 3305 863 3359 et
883 3294 946 3358 sub
967 3293 1065 3356 cuius
1087 3292 1227 3356 nomine

178 3380 234 3445 vel
263 3402 355 3444 nunc
381 3381 508 3467 legitur
529 3382 721 3470 Περίπλους
741 3383 800 3464 τῆς
820 3375 1035 3462 οἰκουμένης,
1058 3389 1230 3443 terrarum

178 3489 274 3533 snare
300 3469 475 3533 internum
504 3468 745 3549 ambientium,
780 3468 880 3533 l’onli
900 3466 1049 3542 Euxini,¹
1082 3482 1231 3551 oraeque

177 3555 309 3642 Libyae
332 3557 385 3621 vel
403 3553 543 3622 Africae
561 3554 857 3639 occidentalis‚,us
883 3575 925 3617 ue
947 3551 989 3615 ad
1018 3550 1152 3617 Cernen
1173 3555 1230 3613 in·

181 3642 308 3722 sulam,
341 3642 606 3730 descriptionem
632 3643 830 3719 continens,
860 3576 1033 3706 betiricio
1064 3635 1233 3725 (Vol.lV.

113 3788 116 3795 .
179 3749 216 3816 p.
224 3724 298 3793 ssoli.
310 3728 439 3809 Harl),
461 3728 660 3808 Holstenio,
684 3730 837 3817 Hagero
860 3736 895 3789 et
917 3723 1232 3809 Sainte·Croie*)

181 3812 387 3896 auctoribus,
405 3816 447 3881 ad
463 3818 623 3885 eumdem
639 3817 819 3907 Scylacem
833 3814 931 3880 cuius
938 3812 1136 3881 Herodotus
1154 3829 1231 3876 rne-

177 3968 621 3999 μ--η--ῳ

215 4052 238 4114 .‘l
259 4053 291 4104 In
306 4054 447 4109 ldemoires
460 4058 495 4110 de
509 4056 615 4114 rasae
628 4058 675 4112 des
689 4058 774 4113 lnscr.
785 4059 818 4111 Τ.
826 4058 910 4112 thL
919 4053 1065 4136 phbosqq.
1079 4055 1145 4105 coll.
1161 4052 1233 4102 Exs-

249 4136 312 4176 mw
320 4126 380 4181 crit.
391 4124 500 4183 dasne.
512 4126 652 4183 ls'utorim
664 4125 768 4185 d'Alex·
777 4129 804 4182 le
811 4126 860 4183 Gr.
871 4125 986 4181 secede
997 4124 1060 4177 edu.
1069 4141 1096 4190 p.
1105 4120 1234 4188 penora.
