2942 4875
510 401 852 482 innocuis
1155 401 1199 468 m

155 591 215 667 gat
243 588 345 663 atque
365 577 534 642 hortatur.
581 576 647 641 Sed
669 575 762 640 idem
782 575 890 641 Solon
906 574 996 639 inter
1067 575 1199 642 amicos

159 684 297 756 quoqne
318 664 435 751 po‘e'tas
452 662 617 748 elegiacos
639 662 892 749 antiquissimus
909 599 1202 728 nuucilbendus

156 767 228 830 eet,
251 777 270 816 e
293 751 390 814 cuius
410 746 622 831 Ὑποθήκαις
639 745 686 828 εἰς
705 747 827 816 ἑαυτόν
846 752 868 813 i.
885 770 913 811 a.
934 749 1080 831 monitis
1101 751 1151 816 ad
1165 773 1203 815 ae

106 915 118 922 ‚
156 843 294 929 ipsum,
327 837 492 922 ampliora
517 839 620 902 etiam
656 836 866 923 fragmenta,
898 835 1130 900 saluberrimis
1160 837 1204 902 ad

158 925 298 995 virtutis
331 925 482 989 studium
511 927 662 1013 vitaeque
695 945 734 990 ac
761 945 901 988 morum
929 922 1204 988 emendationem

157 1012 350 1104 praeceptis
374 1033 413 1075 ac
434 1012 717 1100 descriptionibus
744 1011 886 1088 referta,
908 1021 1106 1096 supersunt,
1122 1032 1203 1078 cum

159 1111 238 1166 aute
264 1114 539 1164 commemoratis
572 1101 702 1184 saepius
729 1097 820 1164 edita
846 1119 916 1162 una
954 1119 1031 1161 eum
1058 1097 1201 1184 reliquis
1300 1143 1303 1150 -

186 1185 269 1250 olitis
300 1187 490 1271 gnomicis‚
515 1185 565 1249 bis
591 1210 614 1271 a
634 1186 828 1263 Brunciim
856 1187 891 1250 in
908 1184 1100 1264 Aualerone,
1123 1185 1205 1250 etin

95 1293 104 1314 ⁴
157 1209 288 1338 baem.
306 1272 432 1359 po'e'tis,
455 1274 636 1358 separatim
653 1293 736 1338 vero
761 1282 793 1336 et
814 1274 904 1358 typis
923 1293 1067 1353 excuse,
1103 1282 1137 1333 et
1159 1268 1204 1333 il-

157 1359 300 1426 lustrata
332 1381 350 1422 a
375 1358 420 1423 F.
447 1359 492 1424 A.
523 1359 714 1445 Fortlngio
746 1359 784 1422 iu
808 1359 896 1424 libro
928 1360 987 1445 qui
1006 1356 1206 1428 inscribitur

164 1446 389 1512 Sententiam
425 1445 736 1510 vetustissimorum
763 1447 1014 1511 Gnomicorum
1037 1469 1205 1535 quorum·

159 1535 245 1599 dnm
270 1532 454 1620 poetarum
471 1553 588 1619 opera.
637 1530 678 1594 V
675 1531 813 1597 elumen
834 1530 1048 1608 Secundum,
1070 1531 1207 1618 Lipsiae

161 1618 247 1706 1776
269 1617 417 1680 octonis.
437 1616 471 1680 A
485 1616 679 1680 clarissimis
699 1618 798 1694 viris,
821 1615 902 1681 Chr.
923 1617 1133 1699 Stolbergio‚
1152 1617 1209 1681 la·

163 1705 304 1779 cobrin,
329 1700 477 1780 Cenem,
501 1704 546 1770 A.
567 1704 632 1777 W,
654 1702 865 1790 Scltlegelio,
893 1703 998 1773 Cour.
1020 1701 1210 1765 Schneide-

156 1814 217 1869 ro,
235 1790 415 1866 russone,
429 1791 463 1857 iu
477 1792 714 1888 germanicum
731 1805 925 1856 sermonem
942 1787 1084 1876 pulchre
1095 1802 1209 1854 trans·

162 1878 253 1954 leta,
279 1897 444 1962 quaenam
469 1876 681 1960 magmenta,
713 1887 747 1940 et
772 1876 831 1941 ubi
848 1878 1024 1963 legantur,
1053 1874 1162 1939 discas
1190 1893 1210 1937 e

163 1962 351 2032 doctissimi
368 1961 550 2033 Mobnitii
562 1962 653 2029 libro
674 1963 767 2034 laud.
788 1963 831 2030 T.
842 1962 870 2034 l.
890 1989 924 2054 p.
937 1979 1060 2054 atosq.

126 2195 132 2212 x
194 2138 240 2196 Da
257 2145 405 2209 petitarum
423 2136 620 2203 gnosticorum
645 2136 742 2191 indole
776 2147 806 2190 et
821 2154 892 2200 usu,
918 2133 1158 2206 psallentum
1179 2131 1211 2190 iu

268 2204 443 2276 praelatione
463 2205 497 2257 ad
509 2207 679 2277 Glanderfii
697 2205 874 2260 &intentiosa
888 2207 980 2259 Carsu.
993 2205 1134 2257 vetustiss.
1146 2211 1210 2271 poe-

266 2274 483 2341 tanguomicor.
504 2275 569 2327 Vol.
585 2274 606 2328 l.
629 2275 743 2346 Lipsiae
760 2272 845 2341 1776,
871 2272 907 2338 8.,
928 2273 1124 2326 disseruerunt
1145 2270 1210 2324 Uir.

268 2343 365 2399 Andr.
388 2343 526 2397 Rhodius
544 2344 579 2396 de
600 2355 671 2404 vett.
684 2352 789 2415 poetar.
808 2341 944 2412 sapientia
968 2341 1114 2410 gnomica,
1133 2339 1211 2392 Hau·

266 2413 332 2466 uiae
357 2409 433 2463 1800.
443 2409 468 2463 8.
487 2423 516 2464 et
538 2411 561 2465 1.
579 2412 613 2464 l)⁴
634 2413 859 2469 Hartmannus:
900 2410 994 2466 Ueber
1020 2411 1066 2462 dle
1089 2409 1211 2461 altesteu

272 2478 466 2534 Lebrdicbter
483 2481 535 2532 der
555 2480 715 2548 Griecheu,
734 2482 816 2534 nebst
837 2486 890 2533 der
913 2479 1081 2532 metrisclren
1106 2478 1234 2533 uehar(

269 2559 386 2622 senum
405 2551 484 2641 eines
500 2547 687 2609 taunacum
710 2551 732 2607 F
734 2559 875 2623 tegmenta
887 2587 898 2620 ‚
912 2549 1018 2620 Lcmga
1034 2546 1144 2621 ²794&

636 2732 663 2833 a.
687 2734 741 2805 sa.
1100 2727 1123 2780 a

230 2909 491 2998 Quinquaginta
522 2910 660 2975 circiter
677 2908 776 2975 auuie
799 2908 917 2974 iunior
938 2905 1066 2973 Solone
1091 2906 1214 2972 floruit

171 2995 349 3083 Theognis
375 2996 602 3085 Megarenaia
628 2996 709 3087 (546
738 3018 767 3063 a.
798 2994 862 3060 Ch.
888 2992 1028 3080 Olymp.
1058 2992 1216 3083 tivum,

163 3086 327 3174 princeps
351 3082 486 3171 elegiae
504 3088 695 3171 gnomis-ae
718 3095 857 3159 auctor,
888 3081 1027 3146 Platoni
1049 3080 1139 3145 haud
1160 3102 1217 3144 se-

166 3168 236 3234 mel
259 3168 415 3233 laudatus
438 3168 485 3259 (r.
507 3191 536 3233 c.
556 3170 662 3320 Legp.
691 3167 717 3234 Ι.
735 3169 810 3235 630.
833 3169 927 3235 Men.
947 3189 976 3231 c.
991 3168 1079 3258 36.)‚
1101 3172 1219 3254 quem3

194 3260 280 3320 atria
300 3256 427 3320 invitus
452 3255 589 3336 relicta,
621 3258 629 3281 '
656 3254 761 3319 hebes
796 3276 831 3318 se
855 3254 1038 3319 contulisse
1065 3254 1218 3317 tradunt.

202 3342 368 3428 legiarum
389 3344 573 3429 quamdam
598 3342 721 3409 seriem
737 3341 912 3417 condidit,
948 3342 990 3405 ab
1009 3349 1215 3426 argumento

170 3430 363 3502 carminum
389 3439 447 3492 aut
464 3440 573 3495 metro
596 3429 698 3496 variis
718 3428 845 3515 passim
872 3426 1071 3492 nominibus
1099 3448 1140 3513 ap
1167 3425 1219 3490 el·
1305 3466 1314 3477 „

170 3515 292 3580 latam:
316 3516 540 3603 Παραινὲσεις
557 3556 590 3569 -
602 3514 797 3583 ‘taonem
817 3516 1052 3602 παραινετικαί
1063 3552 1104 3565 -
1122 3450 1219 3578 Ilbei-

167 3625 234 3688 μαι
258 3596 299 3667 δι’
313 3600 458 3686 ἐλεγείας
472 3601 526 3665 vel
546 3599 586 3669 <ii
601 3603 759 3686 ἐλεγειῶν.
807 3599 967 3686 Singulae
980 3600 1087 3689 Cyrni
1104 3602 1222 3663 cuius·

171 3687 270 3763 dam,
295 3694 392 3773 puen'
412 3688 532 3774 potitae
552 3689 686 3766 attacti,
706 3693 862 3754 animum
885 3687 1069 3774 sapientiae
1085 3708 1124 3751 ac
1148 3686 1222 3750 vic-

170 3776 254 3839 tutie
276 3775 465 3925 praeceptis
495 3775 704 3861 gravissimis
732 3775 895 3839 imbuunt
918 3783 1018 3859 atque
1047 3770 1222 3849 erudiunt,

173 3859 217 3925 ad
246 3883 392 3926 omneo
429 3861 563 3926 ciorum
589 3883 696 3949 genus
717 3861 918 3939 instituant,
944 3862 1102 3945 vitaeque
1120 3859 1222 3923 bonis

170 3958 265 4013 recte
288 3945 426 4013 fruendi
449 3948 539 4014 viam
561 3959 595 4012 et
606 3948 772 4014 rationem
795 3947 992 4012 ostendunt.
1037 3943 1129 4010 libis
1144 3945 1224 4009 mil·

170 4032 208 4101 le
234 4037 437 4120 nonagentis
457 4036 611 4101 versibus
639 4042 704 4122 (tot
729 4040 822 4100 enim
841 4033 965 4109 Saldae
995 4041 1028 4095 et
1052 4031 1227 4096 Eudociae

178 4124 423 4217 numerantur)
442 4134 646 4216 supereraut
662 4119 759 4191 mitte
783 4121 926 4223 auocati
945 4128 1024 4187 octo
1042 4130 1077 4187 et
1085 4120 1228 4208 triginta
