2942 4875
215 441 259 495 fl
345 437 604 489 neeleamites
625 436 674 485 m·
695 427 953 487 munemne
976 434 1124 486 nemu

155 633 168 662 e
218 597 374 664 diversae
403 596 594 684 scripturae
612 594 772 685 exempla
796 596 979 659 innotuere
1005 591 1151 675 (Graeci
1170 591 1269 680 deuo·

217 682 348 762 θώσεις
364 687 517 765 vocant),
550 702 696 768 quarum
722 681 942 768 decurialem
962 702 1039 756 aaa,
1070 680 1267 744 auctoribus

218 771 367 858 ignotis,
390 769 432 835 ab
450 768 593 836 urbibus
615 770 881 834 denominantur
899 770 949 852 (ei
967 768 1157 846 natinaei,
1186 792 1211 831 s.
1230 768 1271 834 al

220 857 310 926 sarci
339 854 468 936 πόλεις,
499 858 538 921 αἱ
562 858 598 922 ἐκ
614 855 761 943 πόλεων)
790 855 1053 934 Massiliotica,
1090 854 1271 942 Sinopicn,

147 943 161 955 ‘
224 941 1271 1031 UltimArgivassypriassreticmduoeclarisaimornmviro-

218 1051 310 1110 rum,
319 1031 527 1096 Aminaacta'
538 1028 756 1119 Colophonii,
773 1030 861 1117 epici
871 1030 1004 1118 poetae,
1016 1040 1051 1093 et
1063 1027 1269 1094 Aristotelia

236 1115 259 1198 ἡ
278 1120 313 1182 ἐκ
321 1118 382 1183 τοῦ
397 1115 590 1203 νάρθηκος)
602 1117 743 1182 nomina
765 1128 901 1201 gerunt.
943 1116 1037 1180 Nem
1064 1114 1106 1178 de
1119 1115 1271 1178 editione

262 1206 390 1281 omeri,
424 1225 510 1292 quae
533 1203 617 1267 Euri
645 1203 694 1268 idi
715 1204 863 1283 minori,
894 1204 1014 1288 tragici
1035 1224 1080 1266 ex
1101 1198 1205 1266 fratre
1222 1197 1269 1263 ti·

220 1290 293 1369 tio,
323 1290 439 1356 aeolo
461 1285 565 1355 saida
584 1226 748 1357 adsuitur
774 1295 923 1368 auctori,
956 1288 1039 1354 fides
1061 1310 1185 1377 parum
1204 1309 1269 1352 ex·

247 1376 358 1442 lerata
386 1387 447 1442 est.
476 1398 510 1441 r.
533 1374 660 1442 Wolfii
683 1377 842 1466 Prolegg.
867 1400 902 1466 p.
916 1378 985 1452 185.
1006 1375 1200 1442 Boeckhius
1223 1374 1266 1437 de

220 1399 287 1529 ἓν.
311 1462 416 1551 Trag.
438 1462 588 1549 Princip.
611 1467 803 1552 pa36sqq.
849 1467 900 1529 At
916 1465 1192 1530 Ptolemaeorum
1208 1462 1270 1525 de·

219 1572 320 1618 mum
345 1548 559 1638 temporibus
578 1551 744 1642 pluresa
766 1553 892 1617 criticis
910 1549 1172 1622 Alexandrinis,
1195 1548 1271 1613 Ze·

220 1638 349 1727 nodato
373 1636 547 1726 Ephesio,
593 1639 833 1729 Aristophane
870 1639 1060 1729 Byzantio,
1106 1636 1273 1701 Aristar·

159 1745 162 1750 ’
221 1722 303 1799 ebo,
322 1722 481 1803 Crntete,
504 1725 591 1802 aliis,
614 1724 721 1790 factae
733 1727 1002 1790 suntHomerici
1016 1733 1197 1787 contextus
1214 1741 1274 1785 re-

223 1812 423 1887 censiones,
446 1813 536 1877 inter
556 1833 639 1900 quas
662 1813 866 1878 Aristarchi
889 1814 947 1876 illa
969 1810 1053 1876 adeo
1082 1832 1118 1874 se
1140 1809 1267 1896 proba-

222 1899 274 1964 rit
294 1897 375 1960 viris
398 1896 527 1976 doctis,
558 1907 598 1961 ut
625 1920 669 1963 ex
692 1920 730 1962 ea
750 1899 885 1962 saeculo
911 1898 969 1963 ΙΙΙ.
1004 1907 1062 1963 aut
1084 1896 1147 1962 IV.
1175 1915 1272 1960 aerae

221 1984 396 2070 vulgatis,
435 1985 550 2050 denuo
582 1986 735 2049 instituta
773 1987 1029 2071 recognitione,
1076 1989 1272 2047 carminum

223 2081 409 2137 contextus
421 2071 607 2158 vulgatus,
630 2073 690 2158 qui
706 2093 800 2136 nuno
811 2082 936 2150 exstat,
960 2073 1123 2159 prodiret
1146 2070 1273 2135 Eidem

223 2156 436 2224 Aristarcho
456 2158 615 2221 duorum-
638 2180 783 2246 operum
812 2163 851 2222 in
867 2161 1185 2248 vigintiquatuor,
1212 2154 1273 2243 qui

222 2262 318 2308 nunc
342 2254 587 2322 numerantur,
619 2245 727 2311 libros
755 2267 814 2310 seu
838 2244 1048 2334 rhapsodias
1072 2244 1273 2308 divisionem

223 2349 290 2394 nos
317 2327 439 2395 debere
450 2380 471 2414 ,.
482 2333 552 2406 iam
568 2340 699 2400 veteres
715 2354 789 2398 non
808 2332 881 2398 sine
897 2330 1144 2423 probabilitatis
1159 2329 1273 2419 specie

222 2423 400 2482 testantur.
870 2419 874 2424 ’
915 2446 920 2459 ·

264 2587 345 2648 lud.
366 2588 486 2647 Kristeri
512 2592 641 2647 Historia
663 2595 766 2650 oritios
791 2593 928 2659 Homeri,
959 2592 1091 2657 Francos.
1121 2560 1272 2665 1695&-

334 2658 436 2732 Wolfii
452 2660 655 2734 Protogenen·
675 2669 712 2719 stt
727 2663 883 2719 Homerum
900 2682 985 2738 supra
1001 2662 1099 2718 lsudd.

667 2853 800 2961 ,m

288 3019 347 3086 Ex
371 3041 440 3107 qno
460 3023 564 3089 lectio
580 3023 730 3092 Homeri
750 3030 788 3091 in
809 3023 935 3091 scholis
955 3020 1276 3097 Grammaticorum

225 3105 437 3195 frequentari
467 3113 601 3199 eoepit,
634 3112 812 3179 codicibus
843 3112 972 3202 passim
1005 3108 1175 3198 adscripta
1205 3107 1273 3172 fuit

225 3197 424 3273 annuntio,
432 3199 557 3284 partim
565 3198 701 3280 critico,
710 3210 895 3266 contextus
913 3192 1274 3283 corrigendi-atratin-

226 3282 332 3369 gendi
354 3304 471 3349 causas
495 3297 529 3351 et
547 3286 697 3351 rationes
716 3309 916 3377 exponens,
942 3285 1069 3375 partim
1090 3303 1177 3370 quae
1193 3304 1273 3347 serz-

222 3370 354 3437 untias
376 3380 410 3433 et
428 3373 533 3438 verba
558 3372 676 3459 poetam
700 3376 911 3462 explicaret,
933 3378 1064 3461 partim
1114 3391 1273 3436 ramme·

222 3459 305 3525 tiae.
344 3456 531 3525 Accessere
575 3457 891 3527 Grammaticorum
930 3396 1273 3537 Alexandrinorum,

222 3542 348 3630 quibua
375 3542 534 3612 Periclis
547 3538 617 3611 iam
655 3560 762 3614 aetate
795 3546 983 3636 Sopbiatae
1018 3544 1272 3635 praeluserant,

221 3638 297 3694 tum
345 3629 389 3694 de
416 3630 632 3717 singulorum
664 3637 825 3701 locorum
854 3635 1047 3711 sententiis,
1088 3631 1272 3697 virtutibus

221 3728 259 3780 et
273 3718 386 3794 uitiis,
408 3718 540 3803 singula
557 3723 701 3808 scripta,
722 3720 955 3811 philosophici
983 3732 1017 3786 et
1033 3718 1199 3785 rhetorici
1209 3738 1273 3804 ge,-

220 3804 314 3868 neris
330 3803 408 3882 illa,
431 3804 677 3889 dubitationes,
699 3809 912 3898 quaestiones
933 3817 968 3875 et
986 3828 1164 3893 responsa,
1182 3799 1273 3870 dato·

221 3887 362 3979 ρήματα
394 3890 637 3978 προβλήματα,
658 3893 809 3979 ζητήσεις
827 3918 1013 3983 earumque
1040 3892 1168 3976 λύσειςς
1192 3903 1274 3959 tum

223 3938 464 4043 commebtsrii
489 3982 597 4067 magis
627 3983 969 4069 adgrammaticam
988 3990 1195 4069 spectantes,
1229 3975 1271 4040 de

222 4064 370 4130 lectione
401 4074 435 4129 et
457 4069 671 4154 acceptione,
703 4071 744 4135 de
768 4068 890 4139 formis
919 4080 953 4134 et
970 4070 1093 4159 etymis
1120 4064 1272 4152 singula·

220 4149 336 4219 hrum
353 4154 717 4247 νοουηι(σημειῶσεις,
733 4156 872 4248 σχόλια,
886 4154 1150 4247 ὑπομνήματα),
1170 4152 1274 4219 otim
