2942 4875
557 412 944 481 consocias
1214 411 1276 481 ιῶ

236 587 412 657 lectissimi
428 591 622 675 argumenti
641 587 804 675 dignitas,
824 598 959 652 tentum
979 584 1208 673 dispositionis
1224 607 1282 649 ar·

132 717 149 722 ἡ·
233 676 399 754 tificium,
421 684 512 738 tante
532 694 757 763 personarum
779 674 976 763 principum
992 672 1181 760 granditas,
1203 693 1284 736 mo-

234 785 314 829 rum
337 760 482 862 quadam
508 759 716 824 humanitate
736 781 775 823 ac
798 761 1058 825 mansuetudine
1077 768 1285 860 temppratap

234 861 303 915 tam
317 847 459 933 insignis
481 848 640 912 inanimi
661 843 816 912 sensibus
833 857 867 911 ct
887 844 1064 912 affectibus
1082 865 1286 932 exprimen-

233 937 440 1009 disseritis,
462 934 581 1010 rebus,
604 933 835 1021 temporibus,
857 936 1014 1035 personis
1027 952 1201 1017 nunqnam
1213 952 1286 996 non

236 1022 509 1101 accommodata3
531 1029 645 1084 tantus
669 1021 833 1085 orationis
854 1042 889 1085 an
909 1041 1043 1084 summa
1069 1019 1285 1104 simplicitate

237 1111 441 1175 cultissimae
464 1107 572 1184 nitor,
594 1108 749 1185 ubertas,
771 1108 821 1171 vis
844 1117 943 1194 atque
964 1107 1118 1171 numeri:
1139 1118 1179 1171 ut
1193 1104 1287 1170 mul-

235 1206 350 1261 torum
371 1196 587 1277 ingeniorum
609 1194 756 1257 eximiae
786 1194 929 1257 virtutes
945 1195 981 1256 in
1004 1190 1164 1266 unohoe
1185 1194 1288 1279 poe'ta

236 1281 427 1348 admirabili
442 1280 590 1368 quodam
606 1278 744 1344 foedere
762 1287 972 1344 consociatae
989 1279 1178 1347 videantur.
1203 1278 1288 1343 Plu·

236 1373 324 1437 rima
346 1386 427 1431 vero
452 1370 488 1429 in
506 1366 679 1451 tragoedia
699 1365 913 1430 Graecorum
942 1364 1137 1452 aSophocle
1158 1367 1289 1430 utiliter

235 1458 399 1523 innovata
419 1473 506 1529 esse,
529 1453 595 1515 nisi
610 1474 665 1516 res
685 1452 759 1540 ipsa
779 1451 935 1530 doceret,
957 1475 975 1514 e
994 1472 1127 1515 summa
1153 1450 1289 1519 fabule-

236 1542 407 1608 rumeins
425 1538 627 1625 praestantia
644 1548 734 1604 recte
754 1538 941 1624 colligeres.
986 1537 1109 1623 Neque
1124 1540 1215 1601 enim
1233 1538 1290 1602 tn·-

238 1629 296 1694 nis
313 1624 426 1689 solum
446 1624 639 1699 actoribus,
672 1623 714 1686 ab
739 1620 913 1709 Aeschylo
936 1625 1117 1700 institutis,
1145 1625 1292 1690 tertium

238 1710 381 1787 adiecit,
402 1731 590 1798 coenasque
606 1712 733 1798 reperit
748 1722 911 1777 ornatum
922 1707 1078 1794 (Aristot.
1090 1709 1185 1774 Po'e‘t.
1197 1713 1293 1796 c.t.)3

240 1796 452 1864 seductioni
470 1797 667 1884 praecipuae
682 1796 817 1860 fabulae
832 1807 941 1881 partes
961 1797 1153 1882 assignans,
1176 1798 1293 1883 episo-

241 1886 381 1950 diorum
398 1905 579 1948 numerum
596 1885 716 1963 auxit,
744 1884 853 1948 Citari
869 1904 950 1948 vero
964 1894 1086 1972 portae
1102 1883 1293 1947 imminuit.

242 1971 354 2051 Quem
376 1986 483 2053 quum
503 1967 610 2046 mala,
632 1969 755 2054 quibus
776 1972 950 2057 principes
966 1968 1100 2035 fabulae
1125 1987 1296 2056 personae

239 2056 507 2146 opprimuntur,
536 2052 699 2118 hdctenua
730 2057 842 2120 solum
869 2058 1054 2142 attingant,
1085 2063 1126 2118 ut
1149 2055 1295 2158 pietatis,¹

240 2144 426 2218 amicitiae,
461 2138 560 2205 officii
594 2142 842 2206 necessitudine
875 2164 953 2207 curn
982 2141 1050 2206 illis
1082 2150 1296 2218 coniunctus,

239 2231 460 2296 miseratione
484 2238 740 2313 permoveatur,
769 2227 912 2294 afflictos
937 2231 1063 2314 erigat,
1085 2229 1295 2306 consoletur,

240 2325 398 2392 moneat,
422 2312 565 2377 deorum
586 2315 753 2379 auxilium
771 2315 931 2400 imploret
949 2313 1135 2380 vellendas
1158 2314 1297 2403 praedi-

242 2413 311 2481 cet,
333 2401 544 2486 omninoque
560 2397 735 2478 fortunae,
760 2422 866 2489 quum
883 2401 1058 2480 adversae,
1080 2410 1155 2467 tum
1170 2420 1297 2470 secun·

245 2490 330 2566 dae,
358 2489 455 2551 testis
476 2492 534 2565 sit,
566 2485 607 2551 ab
635 2486 855 2553 humanitatis
882 2511 983 2553 sensu
1009 2499 1043 2552 et
1067 2484 1177 2552 officio
1205 2487 1299 2554 hand

249 2575 395 2639 alienus:
426 2574 566 2638 cantica
587 2571 694 2638 Chori
714 2575 749 2638 in
767 2572 889 2639 sabulis
906 2573 1108 2664 Sophocleis
1134 2584 1168 2638 et
1186 2577 1298 2640 multo

247 2658 452 2749 Aeschyleis
465 2654 620 2724 breviora
638 2671 731 2739 sunt,
749 2674 783 2725 et
793 2661 974 2726 sedatiores
986 2660 1137 2747 produnt
1147 2660 1299 2741 affectus,

196 2780 199 2793 ·
245 2769 356 2835 neque
381 2744 531 2835 episodie
553 2755 685 2812 tentum
704 2749 897 2835 excipiunt,
919 2748 979 2812 aed
1005 2747 1194 2813 commodis
1213 2748 1299 2814 locis

245 2855 343 2919 saepe
361 2833 561 2900 inseruntur
581 2831 754 2900 diverbiis.

312 2918 491 3005 Sophoclis
536 2919 591 2985 lue
612 2931 750 2985 centum
769 2920 902 3009 viginti
927 2916 1063 2984 fabulae
1087 2920 1234 3009 tragicae
1266 2931 1302 2987 et

246 3008 413 3093 satyricae
440 2942 653 3070 ferehantur:
680 3027 723 3071 ex
755 3028 822 3093 quo
846 3027 991 3070 numero
1011 3014 1141 3086 umen,
1165 3018 1301 3094 praeter

246 3093 491 3181 septemdecim
507 3095 662 3179 spurina,
684 3094 925 3182 qnadraginta
953 3091 1006 3158 vel
1028 3114 1135 3158 unam
1149 3106 1182 3157 et
1194 3096 1300 3183 quin·

247 3178 431 3269 quaginta,
444 3199 527 3264 quae
543 3179 689 3244 minoris
704 3178 894 3268 Sophoclis,
913 3180 1020 3243 nostri
1032 3176 1172 3267 Tragici
1189 3202 1301 3267 nepo·

248 3269 303 3339 tis,
322 3262 475 3340 luissent,
492 3264 791 3350 eximendasesse‚
812 3265 856 3328 ita
870 3274 923 3342 ut,
941 3264 981 3328 ad
1000 3285 1192 3345 summum,
1203 3290 1300 3355 pctu-

249 3374 291 3419 σα
312 3351 453 3416 ultraue
478 3349 936 3438 tuugintndramatafecisse
977 3351 1123 3415 utendus
1140 3359 1199 3430 sit,
1221 3362 1301 3439 post

249 3435 408 3503 Petitum
431 3449 439 3515 (
476 3456 548 3521 egg.
568 3435 640 3500 Att.
657 3459 750 3523 ppo.
764 3439 849 3525 sqq.)
872 3372 1061 3502 luculenter
1082 3438 1300 3503 demonstra·
1333 3480 1337 3489 ·

251 3525 301 3588 vit
323 3521 537 3586 doctissimus
557 3521 754 3590 Boeckhius
777 3526 812 3587 in
833 3523 920 3588 libro
942 3522 1144 3588 didascalico
1160 3525 1299 3590 laudate

252 3606 438 3691 capvtlt.
451 3618 484 3672 et
495 3605 556 3672 lX.
576 3629 607 3693 p.
622 3626 693 3674 too.
705 3632 776 3697 sqq.
822 3609 976 3696 Tempus
987 3622 1117 3698 septem
1134 3614 1298 3700 pepercit,

274 3717 334 3757 tiae
351 3704 447 3759 tunt:
469 3694 566 3758 Aias
628 3695 773 3783 getuyar
795 3694 1080 3810 (μαστιγοφόρος),
1101 3699 1300 3779 storanns,
1328 3727 1330 3731 ·

249 3719 411 3859 htacrra,
438 3778 528 3847 Oedi
553 3802 681 3860 uerear,
709 3778 799 3849 Oedi
823 3806 865 3846 us
879 3786 917 3848 in
932 3782 1081 3863 Colono,
1104 3784 1299 3871 Antigona,

255 3866 483 3945 flaminiae,
552 3865 738 3935 hiloctctcs.
789 3807 1061 3957 &perditorum
1094 3871 1237 3936 nomina
1262 3882 1297 3937 et
1335 3868 1342 3873 ’

242 3951 1298 4046 jragmentusatisnumerosatcf.Fabriciua'l'.ll.p.203.sqq.)

249 4062 354 4103 nemo
375 4039 569 4126 diligentius
600 4039 827 4127 investigavit,
858 4061 897 4105 ac
919 4039 1092 4105 sollertius
1126 4048 1297 4110 recensuit

252 4126 512 4212 emendaritque
523 4147 626 4213 quam
636 4125 836 4196 Brunciiue
852 4131 890 4192 in
901 4127 1041 4214 'I'rsgici
1059 4126 1162 4195 huius
1173 4131 1297 4195 editio·

598 4261 601 4267 ·
1043 4232 1085 4282 20
1214 4268 1223 4275 ,
1315 4264 1321 4275 .

818 4368 829 4401 d
