2942 4875
218 369 263 433 tt
470 379 727 430 arrronrrx
759 379 1008 431 sanasros

217 536 287 602 lota
305 537 459 602 oratione
476 559 613 602 versum
632 560 650 600 a
669 538 732 602 Fr.
756 537 890 613 Grilto.
912 544 949 602 in
968 539 1105 603 Diario:
1128 535 1262 602 Fiiral-

215 634 289 689 tere
311 625 497 688 Litteratur
517 648 548 688 n.
567 647 654 690 nene
669 625 815 688 Lectiire
839 624 897 690 Vl.
918 649 951 712 p.
969 633 1045 701 rot,
1068 626 1190 689 iambis
1205 646 1262 688 se-

215 711 322 863 ppriis
345 734 363 774 a
386 713 429 778 G.
452 712 487 776 S.
507 712 637 777 Fotlu'o
666 714 703 776 in
726 712 855 779 Kochii
875 712 1081 802 Eurynome
1110 713 1201 798 1807.
1224 734 1262 800 p.

262 819 361 883 asqq.

172 945 176 950 ,
283 886 365 948 Post
385 884 585 950 duumviros
606 884 684 966 hos,
718 884 863 948 aliorum
886 886 1039 970 quidem,
1071 897 1108 949 ut
1126 883 1263 960 Alcaei,

219 972 376 1048 Solonis,
405 969 657 1038 Timocreontis
676 973 811 1037 Rhodii
830 983 860 1034 et
877 973 1012 1037 Critiae
1028 970 1263 1047 Atheniensis,

128 1101 132 1108 ·
218 1060 599 1144 eiusdemcuiuselegos
612 1060 713 1144 paulo
730 1070 808 1123 ante
825 1061 1053 1136 meminimus,
1064 1057 1171 1124 lambi
1181 1079 1261 1143 pas-

218 1147 284 1209 sim
298 1145 477 1209 laudantur
487 1172 496 1226 3
508 1147 566 1210 sed
579 1149 720 1220 tertius,
737 1147 794 1230 qui
806 1151 895 1208 inter
908 1146 1077 1231 principes
1089 1146 1190 1208 huius
1202 1163 1266 1228 ge-

216 1234 309 1297 neris
333 1234 448 1319 poetas
465 1231 612 1296 refertur
621 1283 631 1312 ,
662 1245 709 1296 est
732 1233 930 1321 Hipponax
951 1233 1137 1320 Ephesius,
1151 1230 1269 1314 ,Darii

214 1320 446 1408 temporibus,
469 1318 576 1405 Olym
582 1344 612 1404 p.
627 1318 704 1384 LX.
716 1345 733 1385 a
746 1320 809 1384 Ch.
821 1320 894 1382 aso.
914 1321 973 1418 qni
991 1318 1263 1384 clroliomlrossi-

214 1412 469 1482 rescatentes,
491 1409 537 1470 ita
559 1409 684 1484 dictos,
707 1408 799 1496 quod
819 1409 942 1469 senatui
964 1407 999 1468 in
1026 1426 1145 1471 versus
1167 1406 1264 1467 exitu

218 1493 711 1581 qnasifrangiturrhythmus,
734 1496 903 1559 invenisse
916 1491 1045 1568 lectur,
1068 1493 1261 1578 idompar-

220 1581 312 1646 odiis
329 1581 398 1644 suis·
417 1579 543 1644 famam
562 1592 689 1645 nactus.
715 1580 886 1669 Bupalum
898 1589 929 1641 et
941 1579 1169 1652 Atlrenidem,
1193 1575 1280 1639 cla-·

217 1669 370 1734 rissimos
391 1690 471 1730 suae
490 1672 607 1732 aetatis
627 1668 838 1756 sculptores,
869 1667 933 1729 sibi
949 1663 1113 1741 infestos,
1136 1664 1266 1727 carmi-

217 1754 320 1831 nibus
338 1753 634 1819 vehementissime
657 1756 841 1817 insectatus
862 1775 934 1818 esse
952 1752 1078 1816 dicitnr
1089 1752 1201 1815 Plinio
1219 1750 1263 1816 H.

217 1842 264 1908 N.
277 1840 452 1904 XXXVI.
466 1861 496 1903 2.
531 1845 645 1921 Quare
664 1862 742 1904 curn
762 1838 972 1904 Archilocho
990 1861 1070 1903 eum
1087 1843 1267 1926 componit

218 1929 386 1994 Horatius
405 1928 440 1990 in
457 1929 546 1991 notis
566 1926 861 2016 versiculisEpod.
879 1926 904 1990 V
912 1926 937 1991 Ι.
954 1935 1029 1992 12⁷>st
1046 1966 1088 1978 -
1111 1925 1172 2005 „lu
1189 1944 1265 1988 ma·

220 2015 271 2084 los
295 2014 504 2102 asperrimus

371 2099 492 2162 Parata
511 2098 595 2164 tollo
617 2118 765 2164 cornuar

325 2184 443 2266 Qualis
461 2184 658 2274 Lycambae
676 2199 810 2274 spretus
829 2183 936 2251 infido
954 2207 1058 2273 gener

369 2275 444 2337 Aut
462 2295 539 2336 acer·
552 2270 658 2337 hostis
670 2273 825 2361 ΒιψειΙοιι

220 2357 402 2445 Tantaque
419 2358 614 2424 iamborum
631 2361 702 2424 eius
723 2360 911 2449 petulantia
930 2369 964 2423 et
982 2356 1172 2422 amaritudo
1189 2355 1266 2439 fuir,

222 2458 265 2510 ut
278 2446 562 2534 Hipponacteum
571 2452 799 2535 praeconium
812 2447 971 2513 Ciceroni
985 2446 1085 2534 (Epp.
1103 2447 1155 2512 ad.
1174 2447 1266 2509 Fam.

225 2532 303 2597 Vll.
321 2538 372 2613 al)
392 2534 596 2620 appellatum
619 2535 662 2597 sit
680 2557 817 2601 carmen
838 2534 1046 2598 maledicum
1064 2554 1101 2594 ac
1118 2532 1266 2620 probro-

221 2641 311 2685 sum.
336 2620 602 2707 Deperditorum
621 2619 811 2707 fragmenta
827 2627 1027 2708 nuperrime
1048 2619 1180 2707 primus
1194 2618 1269 2681 col-

220 2708 303 2793 legit
333 2707 551 2772 doctissimus
588 2707 651 2773 Tr.
682 2709 746 2777 Fr.
776 2710 938 2773 Welcker
969 2706 1153 2790 Gottingae
1175 2706 1271 2790 1817.

222 2796 413 2880 quaternis,
437 2795 574 2858 adiectis
591 2794 725 2858 duobus
746 2796 884 2860 Anonii
903 2792 1120 2879 fragramus,
1150 2792 1192 2855 ab
1212 2791 1267 2855 A·

221 2883 369 2946 thenaeo
399 2882 550 2947 servatis.
596 2883 649 2946 De
673 2885 815 2947 Anonio
840 2878 1186 2966 lrociambographo,
1207 2877 1268 2963 qui

220 2968 449 3069 Hipponactis
467 2967 613 3035 habetur
630 2968 796 3058 aequalis,
824 2977 996 3054 praeterea
1014 2966 1102 3031 nihil
1118 2965 1190 3030 fere
1209 2984 1270 3030 ac-

223 3076 385 3144 cepimus.
662 3074 668 3095 ¹
776 3085 785 3141 s

162 3238 170 3242 ·
263 3208 277 3243 ·
435 3224 440 3231 ·
693 3226 796 3319 §.aa

287 3401 403 3482 Elegio
424 3413 457 3467 et
477 3398 601 3466 lambis
626 3423 796 3466 accessero
816 3424 902 3467 mox
927 3401 1012 3465 rarii
1030 3399 1165 3488 generis
1193 3420 1270 3463 car-

222 3492 332 3565 mina,
355 3489 464 3576 lyrica
482 3489 605 3552 dictaa
626 3490 757 3553 musico
774 3490 1020 3565 instrumento,
1044 3494 1097 3551 cui
1116 3488 1189 3574 ipsa
1206 3508 1271 3549 na-

220 3591 298 3643 tura
320 3578 405 3649 <luce
434 3588 566 3651 motus,
588 3597 706 3639 sensus
726 3586 761 3640 et
781 3576 927 3663 affictus
951 3575 1065 3641 animi
1086 3595 1270 3662 quoscum·
1292 3630 1298 3645 .

223 3689 288 3756 qua
313 3663 408 3750 quasi
424 3662 613 3726 modulanti
632 3663 885 3726 accinerentur:
908 3674 941 3725 at
966 3684 1008 3725 ue
1029 3682 1163 3726 summa
1185 3657 1269 3745 poe'-

225 3774 300 3816 seos
322 3774 400 3815 cum
422 3760 494 3813 arte
516 3750 645 3814 musica
666 3751 788 3837 priscis
809 3686 1023 3836 temporibus
1047 3747 1136 3835 apud
1158 3743 1271 3808 Grae-

225 3860 282 3901 cos
302 3836 516 3901 necessitudo
539 3834 667 3913 effecit,
689 3847 728 3899 ut
749 3836 808 3921 qui
830 3837 958 3900 melicis
980 3835 1033 3899 his
1060 3831 1270 3898 carminibus

225 3925 494 4011 componendis,
508 3925 668 4073 primum
686 3944 827 4010 operam
843 3922 983 3999 dedero,
1013 3921 1204 4007 aequalium
1229 3939 1270 3980 ac

223 4013 429 4100 posteritatis
451 4011 506 4074 lau
531 4033 548 4075 e
569 4011 725 4096 dignam,
756 4008 860 4073 iidem
888 4015 1036 4075 sororiae
1066 4010 1170 4072 etiarn
1193 4005 1271 4085 arti,

223 4097 442 4164 modulandis
461 4099 615 4165 versibus
645 4099 714 4165 suis
735 4096 921 4189 adhibitae,
942 4094 1172 4189 perficiendae
1196 4103 1273 4171 stu-⁴
