2942 4875
196 380 239 448 62
470 381 653 443 Putnn
701 381 965 460 truanes

200 531 371 602 desimus.
395 534 532 592 accessit
556 534 855 620 Supplmaentnm,
888 536 1065 602 continens
1086 545 1240 604 annolu-

197 622 307 683 tiones
329 628 362 692 et
384 618 639 683 emendationes
662 619 870 684 Dinmanta'a
895 621 1017 706 (lotar,
1042 624 1104 688 Fr·
1128 623 1240 685 Crau-

195 705 282 778 cnl,
315 704 366 767 Ιο.
391 702 708 790 Schweiglan'nseri,
738 707 849 770 Henr.
869 708 1021 784 Bremia,
1044 706 1117 772 Iac·
1144 710 1239 771 Oen»

194 789 289 854 oneri
304 787 510 865 meliorum,
534 792 657 874 quibus
676 813 751 853 suas
763 792 939 872 adscripsit
949 795 1000 857 Io.
1016 792 1118 859 (ἔστιν.
1136 790 1239 858 Orel-

194 875 272 938 lius.
306 878 391 941 Ace.
418 873 596 942 'theoton‘
616 877 833 941 Metochitae
851 878 970 964 Capita
992 877 1061 945 dun
1083 879 1125 941 de
1143 877 1239 940 Poli-

195 963 240 1025 tia
259 961 515 1045 Cyrenaeorum
536 977 569 1026 et
581 960 922 1047 Carthaginiensium.
945 964 1080 1046 Lipsiae
1098 963 1187 1030 1811.
1205 967 1240 1029 8.

262 1047 384 1111 Verbo
407 1051 525 1113 saltem
545 1052 863 1114 commemorandae
882 1059 961 1114 sunt
978 1052 1171 1138 deperditae
1181 1049 1241 1114 hi·

185 1137 320 1199 ctoriae
340 1135 537 1200 Alexandri
559 1134 799 1220 Poli'lristoris.
841 1138 876 1199 ui
896 1137 1007 1216 Sillae
1027 1136 1242 1221 temporibus

195 1223 343 1287 ltomarn
356 1225 448 1286 venit
457 1223 610 1305 captivus
621 1221 707 1282 eirca
720 1218 777 1283 Ol.
789 1158 999 1300 clxxtit.;
1020 1223 1242 1310 Theophanis

199 1308 429 1392 Mytilenaei,
450 1333 467 1373 a
489 1309 652 1391 Pompeio
675 1309 817 1371 civitatis
840 1309 901 1371 Rc.
921 1317 994 1373 inre
1017 1309 1149 1388 donati,
1179 1309 1243 1393 qui

196 1395 355 1480 Pompeii
379 1416 430 1457 res
444 1406 553 1479 gestas
569 1403 600 1454 et
621 1393 751 1457 hellam
764 1392 1034 1458 Mithridaticum
1056 1397 1240 1459 enarravit:

197 1479 320 1547 eicie.
344 1503 394 1543 or.
422 1504 484 1567 pro
505 1478 651 1558 Arrhia3
682 1479 826 1566 denique
852 1481 1069 1566 Timagenis,
1091 1482 1244 1564 Augusti

194 1565 358 1719 ialeqnalJiKs,
391 1570 485 1631 cuins
508 1567 685 1631 historiam
709 1565 922 1652 condiderat,
945 1566 1074 1633 laudati
1098 1568 1243 1651 Quinti-

211 1653 286 1717 'ano
341 1699 349 1718 .
377 1658 472 1746 145.
1039 1667 1046 1673 ’

653 1828 684 1912 ς.
712 1823 782 1891 134.
846 1847 868 1874 ·

269 1997 387 2076 Philo,
409 2009 507 2085 gente
533 1998 689 2076 iudaeus,
722 2018 740 2060 e
763 1998 1024 2065 Pharisaeorum
1044 2012 1150 2080 secta,
1181 1999 1243 2062 sed

204 2087 435 2156 Alexandriae
458 2088 633 2158 educatus,
656 2096 689 2147 et
710 2084 849 2148 Graecis
871 2087 989 2150 litteris
1008 2089 1090 2151 laeua
1112 2088 1244 2152 instru-

130 2172 134 2182 “
204 2186 294 2248 ctus,
319 2171 556 2259 philosophiae
582 2171 791 2250 Platonicae,
822 2173 929 2256 qualis
947 2185 1018 2237 tum
1040 2176 1129 2239 inter
1154 2173 1244 2238 Ate.

135 2249 144 2266 ’
199 2259 384 2322 xaudrinos
405 2260 528 2343 viguit,
561 2259 729 2339 imprimis
753 2281 787 2321 se
817 2259 985 2325 addixisse
1015 2262 1163 2338 videtur,
1194 2261 1245 2322 ita

200 2357 332 2421 tamen,
356 2357 392 2409 ut
413 2367 489 2411 eam
511 2345 551 2408 ad
568 2344 769 2408 ludaeorum
792 2342 911 2434 placita
935 2370 972 2409 ac
991 2357 1166 2433 praecepta
1184 2366 1244 2407 ac·

201 2436 445 2498 commodarat.
474 2431 586 2495 Senex
606 2432 674 2495 iam
695 2456 725 2495 a.
742 2430 823 2496 XL.
836 2456 930 2497 aerae
951 2433 1033 2501 Chr.
1053 2433 1095 2498 ab
1112 2431 1247 2497 Iudaeis

199 2520 443 2585 Alexandrinis
467 2521 588 2581 missus
618 2531 668 2583 est
699 2519 740 2580 ad
771 2520 890 2582 Caium
914 2520 1091 2584 Caesarem
1113 2529 1246 2583 orator:

200 2630 305 2695 quum
326 2608 538 2696 legationem
572 2603 689 2669 libello
718 2606 881 2691 singulari
903 2618 944 2671 ,n
974 2609 1152 2693 superstite
1182 2604 1248 2667 de·
1279 2658 1284 2663 .

141 2750 143 2753 ,
199 2696 343 2779 scripsit.
398 2692 477 2756 Alio
516 2712 618 2775 opere
658 2692 821 2757 adversus
860 2693 1030 2758 Avillium
1063 2694 1249 2768 Flaccum,

200 2778 362 2864 praefecti
384 2781 485 2842 huius
504 2780 655 2864 Aegypti
678 2780 741 2840 sub
759 2778 891 2842 Tiberii
911 2791 944 2841 et
964 2778 1035 2842 Caii
1055 2780 1249 2865 principatu

201 2867 399 2933 inludaeos
421 2864 561 2929 iniurias
584 2875 684 2950 atque
698 2864 931 2927 crudelitatem
945 2867 1154 2931 severissime
1166 2886 1248 2949 per-

202 2953 364 3036 sequitur.
413 2951 644 3036 Praecipuum
666 2962 779 3013 autem
800 2948 954 3015 Philonis
986 2974 1072 3039 opus
1097 2951 1252 3017 Devitu

202 3038 320 3103 Masis
334 3040 532 3121 inscriptum
543 3049 604 3100 est.
628 3038 747 3100 Cetera
760 3037 850 3100 enim
863 3060 946 3122 quae
963 3040 1100 3125 reliquit
1114 3039 1249 3123 scripta,

178 3193 184 3215 ,
204 3146 310 3208 quum
335 3126 374 3187 ad
392 3122 558 3186 librorum
578 3144 755 3187 sacrorum
771 3123 811 3187 V.
822 3123 858 3187 F.
870 3127 1181 3209 interpretationem
1199 3122 1250 3185 al-

203 3211 391 3295 legoricam
415 3212 562 3274 maxime
595 3218 764 3296 spectent,
796 3209 864 3272 hoc
891 3223 981 3276 certe
1008 3213 1086 3276 laea
1117 3211 1253 3274 silentio

205 3298 390 3382 praeterire
413 3299 516 3361 satius
537 3297 715 3377 duximus,
739 3296 894 3377 lectores,
919 3299 976 3383 qni
991 3320 1028 3361 ea
1046 3318 1253 3383 cognoscere

205 3384 362 3471 cupiant,
394 3383 435 3446 ad
457 3381 589 3449 Fabrie.
616 3382 701 3445 Bibl.
723 3380 786 3445 Gr.
809 3382 852 3445 T.
865 3383 925 3447 lV.
948 3407 978 3469 p.
994 3386 1135 3471 728qu
1159 3383 1253 3445 able-

91 3490 93 3496 ’
204 3480 331 3553 garnies.
357 3470 423 3532 snt
440 3469 488 3533 de
502 3470 740 3533 additamentis
758 3470 932 3533 nonnullis
949 3473 1154 3557 scriptorum
1167 3468 1256 3530 Pht..

202 3556 289 3619 lania
314 3557 462 3619 breviter
488 3554 694 3634 dicendam,
729 3576 830 3641 quae,
860 3566 957 3619 antea
978 3558 1132 3621 nondum
1156 3555 1257 3627 edita,

202 3666 222 3705 e
241 3640 314 3705 cod.
336 3642 423 3706 Bibl.
445 3641 619 3705 Mediceae
643 3643 738 3704 Saec.
758 3639 839 3704 xii.
874 3636 984 3728 imper
1014 3643 1104 3707 eruit
1122 3640 1256 3727 Angela'

203 3729 318 3806 Maii,
355 3729 421 3792 viri
439 3729 649 3803 doctissimi,
679 3728 857 3791 industria.
903 3730 1133 3797 Continentur
1154 3726 1256 3790 eali·
1341 3798 1349 3809 .

201 3814 265 3878 bro
287 3814 346 3900 qui
366 3815 549 3966 inscriptus
570 3826 635 3878 est:
684 3814 844 3878 Philonis
874 3815 1002 3881 ludaei
1033 3818 1076 3880 tle
1103 3813 1257 3901 Coplrini

193 3900 292 3988 festo
315 3914 348 3965 et
369 3904 411 3965 de
426 3925 466 3966 co
500 3903 580 3965 ndis
598 3900 824 3987 parentibus,
847 3924 926 3965 eum
945 3904 1039 3965 brevi
1060 3901 1192 3986 scripto
1213 3899 1259 3962 cto

203 3988 305 4050 Iona.
352 3987 501 4052 Editore
522 4000 556 4052 et
586 3989 777 4073 interprete
801 3986 940 4074 Angelo
964 3988 1088 4061 Maio.
1121 3984 1259 4049 Medio-

204 4072 278 4138 lani
292 4073 385 4139 1818.
407 4084 438 4141 4.
451 4084 485 4138 et
496 4073 526 4142 8.
571 4074 673 4138 Prior
696 4069 847 4155 libellus,
869 4076 944 4161 napi
966 4069 1158 4161 repetatne
1179 4072 1256 4158 3⁰0·-
1283 4108 1286 4111 ·
