2942 4875
199 431 261 477 am
546 413 888 478 Socaaras

197 594 392 659 uterentur,
416 583 519 649 ar'mis
540 584 794 671 impugnando,
825 604 1070 669 saepenumero
1092 583 1134 646 ad
1153 582 1243 646 inci-

197 684 249 737 tas
270 671 412 756 redegit.
456 670 496 734 lu
517 672 693 736 iuniorum
717 692 824 757 aeque
845 672 1056 735 institutione
1076 691 1146 732 non
1171 679 1244 732 tam

197 757 345 822 docendi
364 780 402 821 ae
419 757 693 836 demonstrandi,
716 781 820 845 quam
840 760 1025 821 disserendi
1042 779 1122 820 cum
1139 756 1244 819 disci·

199 844 309 933 pulis,
332 865 377 909 ex
399 865 586 932 eorumque
605 847 726 909 animis
742 846 828 931 aptis
848 844 1101 931 quaestionibus
1116 843 1244 908 verita-

161 971 164 986 ·
198 941 270 995 tem
288 933 356 995 sive
373 932 476 994 instas
494 931 536 993 de
554 929 653 994 rebus
669 932 827 994 notiones
844 932 1000 994 eliciendi
1015 953 1094 994 usus
1105 939 1156 990 est
1169 939 1243 991 rne-

198 1018 324 1096 tbodo,
348 1038 450 1104 quae,
473 1018 541 1081 diri
560 1019 620 1082 vix
633 1028 761 1102 potest,
785 1031 946 1106 quantam
963 1039 1068 1104 quum
1087 1017 1129 1078 ad
1144 1022 1243 1099 iuge-

200 1105 251 1168 nii
269 1102 446 1167 facultates
466 1104 671 1167 evolvendos
688 1113 721 1165 et
733 1105 954 1176 exercendas,
978 1115 1052 1166 tum
1069 1102 1109 1166 ad
1128 1103 1244 1165 notio-

199 1211 284 1254 num
306 1210 346 1253 ac
362 1191 548 1253 verborum
573 1187 800 1254 differentiam
823 1202 918 1253 acute
941 1188 1185 1276 dispiciendam
1209 1197 1244 1249 et

200 1274 372 1341 subtiliter
389 1273 634 1353 definiendam,
658 1279 728 1340 vim
748 1276 921 1352 babuerit,
944 1278 1027 1340 adeo
1039 1276 1141 1340 utvel
1154 1294 1243 1337 nunc

201 1363 367 1439 Socratis,
389 1364 707 1449 primiinrentoris,
729 1370 869 1428 nomine
882 1366 1005 1428 merito
1023 1360 1243 1426 commende-

199 1461 268 1514 tur.
300 1449 397 1528 Quae
413 1450 479 1512 viri
490 1451 625 1526 eximii,
648 1452 827 1551 sapientia,
850 1451 1059 1535 frugalitate,
1082 1458 1243 1511 constan·

199 1542 265 1609 tia,
287 1558 425 1602 morum
448 1537 660 1620 integritate,
692 1548 781 1601 anter
800 1537 888 1600 cives
909 1539 978 1601 otio
1004 1548 1037 1602 et
1064 1535 1150 1603 luxu
1168 1546 1244 1614 tum

132 1657 138 1668 ·
199 1621 408 1700 diffluentes,
432 1624 593 1707 omnique
615 1626 778 1688 vitiorum
799 1647 920 1707 genere
941 1634 1137 1708 corruptos,
1160 1641 1243 1682 cou-

199 1710 325 1794 spicui,
349 1719 400 1771 tot
416 1719 450 1771 et
467 1720 559 1773 tanta
574 1712 711 1788 merita,
734 1711 841 1776 nimio
861 1710 1002 1775 fortasse
1020 1708 1151 1782 ardori,
1175 1727 1243 1795 quo

198 1796 235 1860 in
251 1796 460 1883 corrigendis
473 1795 729 1886 refutandisque
745 1798 966 1886 popularium
979 1802 1244 1881 omnigenorum

197 1882 331 1969 placitis
351 1893 451 1967 atque
469 1883 690 1969 opinionibus
711 1890 834 1969 passim
857 1906 937 1947 usus
955 1881 1076 1960 fuerit,
1100 1882 1243 1944 mentis-

199 1990 264 2055 que
282 1971 407 2048 errori,
432 1990 499 2117 <pao
513 1969 731 2034 Daemonem
743 1970 813 2033 sive
826 1971 974 2036 Genium
986 1971 1170 2058 quemdam
1186 1979 1244 2030 tu-

199 2057 361 2132 telarem,
395 2079 436 2120 νο
451 2055 585 2118 uniatis
616 2065 649 2118 ct
678 2058 859 2120 actionum
880 2078 1024 2121 suorum
1044 2057 1243 2120 moderato-

198 2164 291 2218 rem,
320 2163 384 2227 per
411 2152 522 2205 totam
541 2142 652 2205 vitam
670 2163 708 2204 ae
728 2143 907 2220 comitari,
939 2143 1004 2206 sibi
1029 2140 1244 2226 persuaserit,

200 2227 291 2314 apud
309 2227 439 2290 iudices
456 2227 629 2316 aequiores
645 2228 779 2290 veniam
793 2225 894 2292 facile
910 2228 1150 2293 conciliabant
1177 2227 1244 2289 Ce-

198 2323 310 2380 terum
324 2334 529 2400 quamquam
551 2312 639 2376 nihil
657 2314 789 2399 scripti,
813 2321 898 2392 sive,
921 2330 959 2379 ut
973 2315 1150 2378 Ciceronis
1166 2334 1242 2376 rer-

198 2398 251 2464 bis
274 2411 350 2467 utar
372 2400 440 2493 (De
461 2398 729 2486 Orat.lll.16.),·
764 2401 921 2467 litteram
943 2403 1077 2467 nullom
1105 2401 1245 2485 reliquit

199 2486 370 2566 Socrates,
394 2508 547 2577 quaeque
569 2487 610 2550 de
631 2487 696 2551 vita
718 2488 790 2551 eius
810 2499 843 2550 et
864 2488 1017 2552 doctrina
1038 2509 1243 2571 cognoscere

197 2582 266 2653 vis,
289 2574 585 2661 ediscipulorum,
606 2579 757 2638 maxime
771 2575 1030 2664 Xenophontis,
1049 2574 1143 2639 libris
1156 2576 1244 2637 hau-

197 2660 315 2725 rienda
333 2672 428 2748 suunt:
454 2660 494 2725 ad
512 2660 718 2724 excolendas
735 2672 847 2724 tamen
866 2675 899 2723 et
913 2664 1133 2748 expoliendas
1145 2683 1244 2724 men-

197 2758 264 2832 tes,
287 2748 327 2813 ad
346 2753 514 2811 sermonis
527 2749 635 2810 Attici
652 2746 889 2823 subtilitatem,
913 2751 1188 2835 perspicuitatem
1211 2756 1245 2810 et

199 2835 399 2920 elegantiam
419 2831 559 2898 mirifice
573 2834 777 2919 aagendam,
801 2835 841 2897 ad
861 2858 996 2899 morum
1008 2836 1243 2899 stabiliendam

200 2921 416 3006 disciplinam
436 2921 588 2985 docendo
609 2931 739 2987 tantum
759 2919 906 3005 profuit,
940 2932 973 2983 et
990 2923 1240 3010 discipulorum

200 3008 490 3083 clarissimorum,
514 3008 572 3095 qui
584 3028 629 3074 ex
641 3006 814 3092 disciplina
828 3013 899 3072 eins
909 3008 1130 3094 prodierunt,
1150 3008 1241 3071 mul-

199 3093 369 3170 titudine,
391 3094 510 3157 litteris
529 3093 684 3171 Graecis,
706 3094 944 3181 philosophiae
966 3095 1150 3180 imprimis,
1173 3105 1241 3157 tam

198 3180 347 3265 insignia
362 3181 473 3242 attulit
490 3181 716 3261 incrementa,
748 3186 838 3248 utin
860 3204 976 3244 earnm
996 3183 1154 3257 historia,
1179 3182 1242 3243 hoc
1274 3236 1281 3245 .

201 3278 290 3331 certe
313 3268 476 3352 temporis
499 3266 643 3342 ambitu,
666 3269 856 3354 principem
882 3269 997 3330 locum
1012 3290 1148 3332 summo
1164 3268 1243 3331 huic

198 3355 276 3421 viro
293 3354 533 3438 assignandum
556 3375 644 3430 esse,
667 3376 770 3417 nemo
788 3353 1002 3421 dubitaverit.

232 3477 428 3543 Xenophontis
437 3444 622 3525 Memorabilia
635 3476 758 3527 Socratis.
767 3502 801 3525 τ-
816 3478 943 3528 Eiusdem
958 3496 1023 3543 qnae
1038 3479 1120 3528 fertur
1135 3477 1242 3544 Apolo-

271 3546 315 3594 οἱα
321 3544 451 3594 Soercitis.
463 3567 496 3577 -
513 3541 608 3593 Plato.
620 3546 809 3613 --Diogenes
821 3546 951 3594 Laertius
968 3546 995 3594 in
1010 3546 1069 3594 Vita
1079 3545 1202 3593 Socratis.
1211 3570 1242 3579 -

264 3586 309 3662 lo.
322 3612 435 3661 Lumen
456 3608 548 3659 Oratio
569 3609 601 3658 de
623 3609 730 3660 Socrate
750 3613 819 3669 ciro,
842 3610 1109 3676 Lugd.Bat.17nfi.4.
1122 3637 1155 3646 -
1172 3613 1197 3661 Ι.
1216 3614 1243 3663 C.

270 3678 391 3744 tarmen
407 3677 494 3726 vaber
513 3678 564 3726 dea
584 3677 689 3726 Process
709 3676 754 3725 des
775 3677 894 3726 Socrates
910 3702 941 3711 -
960 3679 1107 3728 tattiano.
1122 3680 1242 3729 alana.

266 3765 293 3795 n.
309 3745 404 3795 Kuust.
422 3744 453 3791 T.
464 3744 484 3791 l.
495 3743 531 3792 ll.
548 3769 582 3778 ·-
610 3748 635 3796 1.
649 3747 680 3793 F.
697 3743 741 3795 fh.
758 3743 868 3809 Graeffe
886 3741 1015 3797 Sokratil.
1036 3746 1156 3810 Giitting.
1172 3746 1243 3810 1798.

265 3812 291 3860 8.
306 3836 339 3845 -
358 3813 390 3860 G.
407 3812 449 3861 W
446 3812 539 3877 iggers
557 3807 678 3860 Sokrates
698 3814 736 3859 als
751 3811 876 3870 Menses,
894 3813 932 3861 als
949 3814 1046 3877 Burger
1060 3814 1114 3862 und
1128 3815 1166 3861 als
1179 3814 1243 3861 Plri-

268 3877 362 3942 losoph
375 3889 425 3925 etc.
444 3880 544 3927 Zweite
553 3877 668 3942 Autlage.
686 3878 846 3927 Nmstrelita
859 3876 901 3927 181
910 3897 929 3928 ι.
942 3880 967 3930 d.
982 3905 1013 3913 -
1037 3882 1173 3930 Socrates.
1192 3879 1243 3928 Be-

267 3944 441 4005 trsrhtungaai
461 3963 487 3993 u.
507 3945 741 4005 Untcrsucbnngen
761 3961 813 3992 ron
831 3946 993 3998 ferdinand
1008 3945 1154 3997 Dethrack.
1172 3947 1244 3996 Kiiln

267 4010 340 4062 1816.
358 4028 442 4059 120-
459 4011 499 4059 De
512 4011 626 4060 Socratis
638 4007 779 4078 Λαιμονίῳ
797 4031 816 4060 s.
827 4010 928 4075 Genio,
947 4016 1072 4064 Veterum
1092 4016 1150 4062 loca
1168 4031 1245 4080 prae·

267 4082 343 4144 eipua
362 4090 434 4126 snm:
461 4077 525 4128 Plat.
542 4078 771 4146 l'laaedr.p.aaeB
806 4078 901 4144 Tbeag.
919 4080 1045 4147 p.1·.·8D.
1071 4079 1150 4146 Apol.
1170 4085 1244 4130 socr.

267 4144 330 4214 p.5a
344 4144 378 4193 D.
394 4142 514 4210 Xenopb.
530 4145 609 4193 Mem.
622 4145 697 4195 Soet.
711 4147 731 4195 l.
743 4161 763 4195 1.
772 4148 796 4194 4.
813 4145 884 4196 Plut.
896 4147 929 4196 de
942 4145 1028 4196 Genio
1044 4154 1157 4199 Socr.-
1176 4148 1245 4197 Max.
