2942 4875
184 487 188 498 .
273 442 448 494 rtttntrrr.
472 441 689 496 erraneum.
712 437 918 495 nonrmlli.
941 402 1136 494 carnariis
1183 443 1230 520 29

183 581 355 647 Iacobsins
372 581 396 646 l.
408 582 432 646 l.
451 602 485 668 p.
496 578 617 646 XLIV
625 601 714 667 sqq„
736 580 953 666 Meleagrum
972 580 1139 668 imitatus,
1161 601 1229 647 ao·

183 688 268 752 vum
291 668 472 758 Στέφανον
491 669 685 745 contexuit,
727 671 784 732 cui
805 678 839 731 et
858 669 1039 752 pobtarnm
1063 669 1229 732 tredecim

182 775 349 831 numero,
370 761 427 839 qui
446 763 525 842 post
541 752 760 838 Meleagrum
775 751 986 834 floruissent,
1007 755 1229 842 etsueipsius

184 847 240 927 epi
267 839 582 916 rammata,eodem
595 841 714 904 ordine
725 841 924 906 elementari
934 840 1104 922 disposita,
1125 861 1229 926 quem

183 863 358 1013 Meieager
371 927 590 1014 probaverat,
612 929 740 990 inserta
762 929 867 992 fuisse
886 927 1123 1014 perhibentur.
1145 927 1228 992 Post

181 1011 294 1092 hunc,
326 1013 504 1078 Hadriano
533 1023 711 1098 regnante,
746 1015 996 1100 Diogenianus
1024 1013 1229 1078 Heracleote

183 1098 452 1179 Grammaticus,
474 1099 565 1165 idem
586 1100 679 1168 haud
698 1100 800 1164 dubie
803 1102 919 1192 ,ouius
933 1099 1142 1164 Paroemiae
1157 1101 1228 1162 sire

182 1185 372 1251 Proverbis
393 1196 543 1264 exstant,
566 1208 695 1252 novum
711 1183 931 1272 Ἀνθολόγιον
946 1181 1229 1272 Ἐπιγραμμάτων

178 1271 301 1353 edidit,
324 1282 407 1336 teste
425 1272 529 1336 Suida
552 1277 590 1337 in
611 1267 838 1354 Διογενιανός,
862 1273 1091 1344 cuisutamen
1107 1280 1228 1355 synta-
1250 1307 1253 1313 ,

180 1359 303 1444 gmatis
319 1357 451 1423 indoles
465 1369 505 1446 et
524 1358 611 1422 ratio
630 1379 772 1443 prorsus
789 1357 977 1443 ignoratur.
1011 1358 1136 1422 lisdem
1152 1353 1230 1421 lere

180 1446 392 1530 temporibus
403 1444 527 1509 Strato
540 1443 863 1510 Sardianns'noram
874 1442 1123 1528 Anthologiam
1139 1463 1228 1507 con.

179 1530 287 1610 didit,
312 1551 415 1616 quam
439 1531 588 1598 Μοῦσαν
608 1527 785 1611 παιδικήν,
818 1530 967 1598 Mosam
978 1530 1151 1618 puerilem
1169 1528 1236 1592 in-.

181 1618 340 1702 scripisse
365 1614 518 1694 videtur,
550 1616 659 1703 qnod,
688 1626 926 1703 praetereuos
950 1617 988 1680 in
1009 1613 1076 1677 hoc
1101 1633 1229 1701 genere

180 1703 297 1780 lusus,
325 1724 369 1767 ex
394 1702 628 1790 antiquiorum
650 1724 757 1790 aeque
784 1723 823 1767 ac
847 1702 1079 1767 recentiorum
1105 1701 1227 1789 poete·

180 1810 261 1854 rum
284 1787 492 1854 carminibus
514 1811 554 1854 ea
571 1800 744 1858 mntume
772 1789 780 1806 ’
823 1798 969 1854 ammata
985 1786 1125 1852 collecta
1142 1808 1229 1852 con.

180 1875 298 1952 tinnit,
321 1873 444 1961 quibus
465 1897 652 1965 puerorum
671 1876 742 1941 cele
767 1884 888 1940 rantur
905 1895 1049 1941 amores
1093 1874 1229 1944 Stratos

180 1963 235 2026 nia
251 1965 339 2062 opus
357 1959 440 2041 hoc,
470 1964 671 2049 (integrum,
701 1984 746 2026 an
766 1966 957 2032 carminum
978 1959 1110 2025 delectu
1127 1959 1228 2028 habi·

180 2057 232 2126 to,
275 2050 487 2135 ignoratur),
535 2048 802 2126 Constantinus,
846 2047 888 2112 de
917 2069 985 2133 quo
1018 2068 1102 2111 mox
1132 2047 1229 2111 dice-

133 2185 140 2201 .
178 2155 274 2209 mite,
305 2135 343 2198 in
370 2154 470 2199 suam
487 2135 753 2217 Antb'ologiam,
789 2136 827 2200 in
851 2156 922 2216 uno
939 2133 1065 2199 Codice
1084 2133 1228 2200 Vatica-

178 2241 226 2283 no
245 2230 432 2293 serratam,
454 2222 593 2305 recepit.
637 2219 942 2308 Aliquotsscculis,
959 2219 1141 2284 interiectis
1162 2220 1226 2283 de-

179 2326 278 2372 mum
298 2305 480 2394 Agntlsins
501 2306 716 2391 Myrinoens,
751 2293 993 2388 scholasticus,
1032 2304 1227 2390 'qui-Insti-
1273 2337 1274 2344 ¹

181 2394 287 2458 niano
316 2403 481 2477 regnante
500 2391 667 2460 Seec.VL
695 2393 795 2470 vixit,
837 2407 966 2458 norum
998 2395 1227 2479 epigramma.

158 2491 256 2545 'tum
281 2488 476 2564 syntagma,
518 2480 578 2544 sad
594 2481 825 2545 recentiorum
846 2501 885 2545 ec
908 2480 963 2547 sui
987 2479 1133 2547 maximi
1153 2478 1228 2545 ieri

180 2566 379 2672 poetarum,
401 2561 564 2642 confecit,
587 2568 679 2651 quod
696 2563 830 2644 Κύκλος
850 2567 1022 2654 inscripsit
1041 2566 1178 2665 (suidas
1193 2587 1227 2631 v.

183 2652 361 2736 Agedinci
381 2654 477 2714 cuius
497 2654 730 2735 prooemium,
755 2653 909 2719 versibus
923 2651 1075 2729 iambicis
1085 2653 1227 2716 senariis

181 2734 377 2805 CXXxnt
398 2748 574 2817 constans,
608 2760 653 2803 ex
678 2740 795 2804 codice
814 2738 982 2805 Vaticano
1005 2740 1226 2826 descriptum,

183 2825 336 2908 vulgavit
372 2824 568 2901 Iacobsius,
634 2826 723 2891 rimo
766 2827 804 2890 in
832 2824 1089 2910 Prolegomenis
1123 2828 1156 2910 ς.
1178 2825 1225 2890 V.

209 2908 384 3059 ‚Ltlsqp
401 2910 523 2974 deinde
543 2912 581 2975 in
599 2847 742 2983 Xuthol.
764 2912 895 2977 Graeca
914 2910 1078 2977 ssd-fidem
1092 2909 1227 2977 Codicis

180 2932 329 3062 islensi
387 2995 433 3060 .Ι.
454 3019 488 3084 p.
502 2997 553 3086 73.
587 2998 723 3063 Primus
745 2999 928 3084 Agatbies,
956 2998 1075 3063 relicto
1094 3000 1225 3077 ordine,

183 3104 287 3169 qoem
308 3081 484 3167 Meleager
501 3104 540 3147 ec
562 3082 741 3173 Philippus
765 3088 1011 3172 probaverant,
1040 3086 1226 3169 Epigram-

180 3179 274 3237 mata
302 3171 492 3233 secundnm
523 3182 722 3254 argumenta
752 3171 789 3237 in
810 3182 917 3237 certas
945 3171 1066 3236 classes
1087 3170 1226 3256 digesta,

182 3260 221 3321 in
240 3262 371 3339 deptem
391 3254 497 3320 libros
517 3257 754 3342 descripserat,
777 3279 926 3344 quorum
945 3259 1079 3347 primus
1099 3257 1227 3321 carmi·

180 3364 227 3411 na
246 3340 468 3420 dedicatoria,
499 3345 667 3409 secundus
685 3341 902 3423 ἐπιδεικτικᾶ,
934 3355 968 3408 et
994 3342 1226 3425 descriptoris,
1348 3374 1351 3387 ·

181 3429 301 3493 tertius
328 3427 543 3510 sepulcralia,
576 3441 716 3516 quartus
746 3431 915 3518 poematia
941 3432 978 3494 in
1004 3431 1115 3494 varios
1139 3428 1226 3494 vitoe

182 3535 297 3592 cesus,
320 3515 459 3600 quintus
476 3519 639 3605 satyrica,
661 3526 778 3582 sextus
797 3522 976 3597 amatoria,
999 3516 1163 3603 septimus
1174 3537 1225 3599 ea,

181 3621 269 3689 quaa
290 3599 331 3663 ad
353 3602 440 3666 vitae
456 3600 609 3667 iructnm
628 3613 662 3666 et
673 3602 840 3669 ‘laetitiam
859 3605 1116 3682 exhortantur,
1128 3624 1225 3675 come

92 3688 95 3692 ’
179 3685 405 3772 plectebatur,
449 3687 610 3753 Ceterum
624 3687 943 3776 Agatbiee'Krixior
959 3711 1031 3755 non
1046 3694 1227 3775 magiaru-

180 3783 312 3860 psrest,
350 3795 453 3859 quum
482 3774 651 3861 Meleagri
680 3785 715 3840 et
742 3775 893 3863 Philippi
917 3776 1101 3877 Eripuros.
1144 3775 1227 3847 Post
1267 3824 1277 3835 .

180 3859 369 3945 Agathiom
388 3861 523 3925 saeculo
543 3860 627 3926 xmo
648 3868 787 3929 ineunte
812 3862 1064 3929 Constantinus
1088 3861 1226 3951 Cepha·

179 3947 249 4026 los,
272 3944 430 4012 adhibitis
440 3947 621 4032 Meleagri,
644 3948 796 4037 Philippi
816 3960 851 4014 et
864 3947 1033 4031 Agathino
1054 3950 1227 4035 epigram·

180 4042 313 4099 rnatum
327 4032 482 4122 syllogis,
512 4045 585 4099 tum
606 4038 837 4101 recentiorum
856 4037 1033 4121 poetarum
1054 4042 1226 4122 epigram-

179 4127 294 4204 mate,
331 4129 408 4201 tum
438 4120 533 4189 haud
561 4142 672 4212 panca
701 4124 935 4211 antiquiorum
984 4122 1225 4214 interponens,
1280 4206 1295 4219 ἱ
