2942 4875
87 4070 91 4080 ι
183 4027 335 4112 Aristpte

433 414 902 481 ·Asr1totoor
1166 416 1228 481 rit

152 635 153 638 ,
182 577 342 655 septem,
372 579 450 654 post
468 567 677 656 simpliciore
699 578 895 657 praecepte,
928 566 1050 656 quibus
1073 564 1114 632 sle
1137 576 1226 634 tem-

186 666 313 743 pestate
336 658 567 720 coniecturam
591 677 636 721 ex
656 658 754 721 astris
772 677 892 742 cepere
915 654 1094 733 docemur,
1124 676 1231 741 quum

188 743 230 804 ab
254 743 414 808 Hesiodo
444 744 480 806 in
503 742 631 828 Ἔργοις
655 752 690 807 et
708 741 872 831 Ἡμέραις
903 744 987 818 suis,
1016 753 1089 804 tum
1123 745 1233 808 multo

186 834 295 891 serius
317 829 358 891 sb
380 830 493 894 Arato
520 831 555 894 in
578 830 811 914 Prognosticis
833 832 904 893 sire
928 827 1140 913 Διοσημείοις
1161 839 1232 894 tra·

186 914 272 991 dits,
304 914 346 977 ab
367 935 407 977 eo
430 915 598 1001 imprimis
614 925 786 1005 tempore,
817 937 885 1001 quo
904 914 1234 1003 Neoplctonicorum
1317 965 1322 976 .

186 1001 318 1065 somnia
340 1004 467 1067 miseris
487 1004 666 1067 bominum
690 1002 861 1067 mentibus
883 1002 1031 1088 turpiter
1041 1001 1234 1082 illuderent,

183 1090 302 1176 plures
323 1085 474 1153 Graecos
493 1093 677 1177 scriptores
702 1100 737 1154 et
758 1091 869 1153 vincte
893 1098 928 1152 et
947 1088 1057 1152 solute
1081 1089 1235 1155 oratioue

183 1176 390 1262 explicuisse
414 1186 559 1244 conflet.
609 1175 690 1255 Quo
724 1179 896 1263 pertinent
924 1176 1235 1323 Apotslesmotica,

187 1261 419 1329 Monetbonis
436 1281 561 1326 nomen
585 1262 951 1352 mentito‚(§.129su
994 1258 1120 1342 linl-
1144 1262 1235 1329 Mo-

183 1347 293 1428 eimi,
317 1351 375 1435 qui
391 1350 561 1414 lulianum
582 1350 664 1433 imp.
680 1349 846 1428 instituit,
869 1367 1008 1410 carmen
1027 1347 1234 1416 didacticum

187 1437 283 1521 περὶ
309 1458 440 1521 scrop
475 1437 548 1514 ὧν,
573 1435 711 1498 heroico
734 1455 833 1499 versu
856 1433 1038 1518 scriptum,
1060 1435 1155 1499 cuius
1177 1430 1236 1500 re·

184 1517 311 1607 liquiss
344 1543 427 1584 oco
455 1569 462 1585 .
486 1522 644 1587 Mediceo
679 1522 781 1586 bulas
813 1515 989 1601 carminis,
1032 1522 1089 1607 qui
1123 1522 1235 1587 adbuc

187 1605 358 1687 innotuit,
390 1609 512 1688 unico,
570 1609 679 1672 rimus
709 1607 840 1673 Graece
864 1616 898 1671 et
920 1606 998 1671 Lat.
1029 1605 1135 1672 edidit
1158 1608 1236 1675 Fa·

187 1691 322 1759 bricius
348 1694 385 1757 in
409 1692 495 1760 Bibl.
566 1717 592 1758 r.
623 1695 704 1760 Vol.
727 1693 820 1760 Vlll.
852 1715 884 1779 p.
909 1694 972 1759 lsi
996 1714 1068 1781 sqq.
1092 1704 1157 1760 vet.
1181 1694 1235 1762 cdi
1292 1763 1297 1775 ,

189 1778 270 1843 Vol.
293 1776 356 1845 lx.
380 1802 414 1868 p.
437 1782 510 1845 322.
534 1781 586 1848 ed.
605 1783 741 1847 Hsrles.
771 1778 828 1848 Cf.
845 1778 1065 1845 Bondinium
1081 1780 1117 1844 in
1129 1779 1238 1849 Ostal.

189 1860 298 1930 Codri.
321 1863 444 1931 Graec.
468 1868 631 1933 beurent.
662 1869 706 1933 Τ.
730 1865 771 1932 ΙΙ.
793 1890 826 1956 p.
849 1867 923 1945 61.;
955 1868 1153 1952 nuperrime
1174 1889 1237 1932 su-

186 1959 258 2015 tem
288 1947 400 2017 denuo
430 1956 599 2019 recensuit
631 1956 788 2041 notisque
816 1952 944 2017 criticis
971 1953 1135 2017 iustruxit
1165 1955 1236 2024 Ed.

189 2037 411 2105 Gerbordius
421 2040 559 2127 Lipsiae
577 2041 666 2110 1820.
678 2042 759 2108 8.-
779 2041 903 2125 scripte
915 2039 1239 2129 astrologicsApoi-

184 2122 276 2188 ionii
291 2123 498 2213 Tynncnsia3
525 2128 668 2194 Claudii
681 2127 876 2192 Ptolemaei
891 2146 1017 2190 nomen
1036 2128 1139 2212 vulgo
1157 2148 1237 2212 prae

187 2231 225 2273 se
253 2206 367 2275 serens
395 2211 617 2279 Tetrobiblus
643 2214 690 2277 de
719 2210 1015 2296 apotelesmstibus
1045 2223 1080 2276 et
1101 2212 1237 2278 iudiciis

189 2306 382 2372 astrorum,
417 2295 479 2363 Gr.
502 2309 533 2362 el
554 2299 629 2364 Lat.
657 2297 768 2362 editus
795 2320 813 2360 n
836 2299 953 2363 Iooob.
980 2296 1182 2367 Camerario
1202 2311 1237 2376 et

189 2381 284 2457 Fuit.
308 2382 603 2465 Meloncbtlrone,
638 2385 740 2449 Besil.
769 2384 859 2449 1553.
879 2383 909 2448 8.
935 2423 975 2435 -
1010 2383 1129 2450 Paulli
1151 2387 1238 2453 Ate·-

189 2468 368 2535 xon‘drini.
399 2471 506 2556 (Sues.
529 2471 591 2536 lV.
613 2478 727 2559 extr.)
741 2472 962 2537 introductio
982 2473 1022 2535 in
1041 2473 1237 2539 doctrinam

187 2555 235 2618 de
251 2553 384 2622 viribus
405 2570 437 2620 st
453 2556 586 2647 effectis
600 2572 795 2641 astrorum,
817 2558 949 2622 Graece
972 2557 1060 2621 edite
1080 2579 1158 2623 cum
1181 2561 1237 2624 irr-

188 2649 329 2727 terpret.
352 2641 429 2707 Lot.
454 2647 565 2711 Andr.
589 2646 776 2710 Sebotonis
807 2646 848 2708 eb
869 2644 923 2711 H.
947 2642 1130 2710 Roneovio
1151 2644 1237 2710 Wi-

188 2727 348 2811 tebergee
375 2728 467 2794 1586.
485 2733 515 2797 8.
540 2771 581 2783 -
615 2733 829 2818 aliorumque
851 2729 948 2807 libri,
982 2752 1067 2817 quoe
1090 2731 1237 2817 collegit,

186 2827 244 2891 et,
269 2813 421 2900 praefixo
444 2816 709 2904 Astrologorum
730 2820 863 2893 indice,
894 2817 1001 2881 edidit
1022 2814 1140 2885 Joact.
1162 2819 1238 2885 Cn-

188 2902 378 2979 meroriue,
401 2903 560 2967 Norimb.
587 2907 676 2972 1532.
692 2906 722 2968 l.
772 2905 893 2991 Longe
916 2904 1015 2988 ptura
1038 2913 1150 2968 eutem
1169 2903 1239 2971 bu-

188 2987 243 3049 ius
266 2984 396 3051 furium
419 2991 543 3077 scripte
577 2990 632 3055 rel
656 2992 849 3077 deperdito,
883 2989 935 3055 vel
965 2991 1001 3053 in
1024 3009 1103 3056 mss.
1137 2992 1235 3058 codd.

188 3070 300 3135 selbun
318 3072 454 3138 intentis
476 3082 686 3144 enumeravit
711 3075 885 3143 Fabricius
908 3077 944 3140 iu
960 3075 999 3141 R
1021 3076 1083 3141 Gr.
1109 3074 1153 3142 Τ.
1171 3076 1236 3147 lV.

188 3178 224 3247 p.
253 3162 323 3250 alp.
344 3161 414 3249 stip.
437 3163 573 3231 -Herles

643 3337 677 3422 ς.
703 3338 775 3425 ¹7⁴·

254 3507 375 3594 Longe
398 3508 547 3572 deterior
570 3507 824 3594 disciplinarum
847 3512 952 3569 stolus
969 3516 1061 3586 erat,
1087 3522 1176 3591 quoe
1197 3506 1237 3574 in

186 3613 305 3659 rerum
326 3605 475 3661 naturae
492 3597 727 3661 observatione
748 3606 781 3657 st
801 3593 1029 3680 discriptione
1047 3602 1236 3658 versentur.

186 3679 289 3743 Licet
322 3680 414 3745 enim
449 3682 490 3743 ad
514 3702 665 3747 summas
696 3681 889 3745 studiorum
921 3678 1045 3742 horum
1074 3679 1236 3743 utilitates

186 3766 364 3833 accederet
388 3771 659 3855 opportunitas,
690 3788 710 3829 e
735 3766 1064 3853 peregrinationibus
1096 3766 1134 3830 in
1157 3763 1236 3830 lon·

187 3854 245 3955 εἰη
274 3875 332 3918 uas
343 3863 449 3919 tem-ss
461 3856 642 3944 susceptis,
654 3874 672 3917 e
682 3854 970 3918 commerciorum
983 3863 1017 3915 et
1027 3862 1237 3918 mercaturae

189 3876 316 4005 aniius
337 3941 553 4093 pmpegatis,
584 3961 803 4026 eregumque
826 3938 1026 4002 liberalitate
1048 3948 1141 4001 orto.-
1162 3949 1240 4029 post

352 4046 405 4094 em
433 4038 548 4092 temen
571 4039 605 4092 et
624 4025 930 4115 Theophrastum,
962 4024 1021 4111 qui
1043 4036 1113 4091 tem
1129 4029 1236 4113 pro'e·

184 4108 274 4181 clere
295 4125 439 4181 naturae
462 4115 566 4180 studii
587 4112 814 4180 fundamenta
834 4114 1006 4198 moerent,
1037 4133 1109 4179 uon
1131 4110 1236 4179 modo
