2942 4875
201 476 244 537 42
373 481 1028 536 cessissessncurcocnus
1132 453 1136 464 ’

204 643 329 708 darunt
364 643 598 707 Antimachus
639 640 894 728 Colophonius,
931 637 1090 701 Philetas
1130 633 1242 714 Cous,

203 730 483 806 Hermesianox,
508 729 717 808 Piranoclee,
741 728 996 800 Callimachus,
1028 724 1129 810 poeta
1155 723 1243 787 Ale·

202 811 411 890 xunllriuus,
435 819 475 878 od
499 838 646 900 quorum
665 816 874 902 exemplum,
896 817 983 877 inter
1004 808 1190 882 Romanos,
1208 830 1244 870 se

202 915 294 968 totos
312 913 577 986 composuerunt
600 902 775 978 Τι’ὁαίἰιω,
799 900 1021 991 Propertius,
1045 895 1248 962 Ovidius.-

200 991 272 1054 ‘sed
294 987 336 1051 de
357 990 537 1076 poitarnm
556 989 789 1065 Graecorum,
812 1012 895 1074 qnos
917 989 1086 1061 diximus,
1109 983 1243 1070 praeci-

201 1079 305 1168 puis,
334 1078 394 1161 qui
426 1074 492 1139 hoc
514 1078 678 1154 maxime,
712 1079 834 1161 inquo
853 1094 1044 1146 versamur,
1077 1070 1243 1156 temporis

204 1164 350 1228 circuitu
370 1162 580 1236 floruerunt,
602 1163 671 1226 iem
693 1165 892 1248 singillatim
909 1159 1104 1224 dicendum.

240 1338 327 1393 Ceut.
345 1327 511 1390 Schneidei
533 1335 627 1389 Ueber
653 1338 701 1389 das
722 1335 860 1392 elegische
887 1334 1010 1388 Gedictit
1028 1334 1080 1384 der
1098 1327 1245 1391 Helleuen,

307 1406 340 1459 in
365 1406 439 1457 libro
472 1404 521 1474 qui
545 1405 729 1457 inscribitur:
756 1404 900 1468 Studien,
930 1402 1156 1468 berausgegeben
1188 1415 1245 1450 von

310 1475 381 1527 Cori
401 1475 486 1527 Daui}
505 1474 560 1525 und
578 1473 677 1525 Frieu.
692 1476 816 1525 Creuzer
833 1473 907 1523 1808.
925 1473 1017 1526 TAV.
1039 1490 1064 1540 p.
1078 1471 1180 1532 ¹·i4···
1197 1465 1245 1517 Jo.

311 1543 429 1597 Valent.
452 1543 598 1595 Franckii
625 1543 769 1604 Gallicus,
797 1547 858 1594 sive
876 1544 1060 1605 Quaestionos
1081 1539 1116 1588 de
1133 1534 1244 1601 origine

306 1611 439 1664 carminis
459 1611 584 1678 elegiaci.
615 1613 677 1664 Ace.
705 1613 824 1678 Tyrtaei
849 1611 996 1678 Reliquiae
1017 1626 1079 1659 cum
1099 1604 1244 1673 prooemio

308 1689 338 1733 et
356 1681 456 1732 critica
490 1681 680 1740 annotatione,
717 1680 835 1731 Altonae
865 1677 1021 1729 1816.8.-
1057 1675 1190 1737 Bottiger
1210 1675 1242 1723 in

306 1749 393 1801 Attici
414 1749 506 1801 Musei
532 1749 596 1800 Vol.
614 1750 636 1800 1.
656 1748 731 1800 Fasc.
751 1747 786 1798 11.
800 1778 825 1788 -
844 1748 893 1799 Fr.
905 1746 1038 1816 Scilegel
1056 1746 1086 1796 in
1099 1744 1242 1795 Athenaeo

305 1817 340 1867 T.
351 1815 373 1867 I.
392 1817 420 1867 P.
435 1835 493 1870 t.-
515 1818 543 1869 C.
565 1822 596 1868 l'.
618 1819 693 1869 Con:
715 1817 810 1868 Ucber
829 1819 876 1867 die
903 1817 996 1881 tingis
1025 1815 1077 1864 der
1096 1811 1191 1867 Alten,
1212 1809 1242 1859 in

305 1885 426 1955 Hnufjii
446 1886 565 1936 Dissio:
582 1884 738 1949 Philologus
756 1885 784 1935 P.
799 1884 821 1938 1.
842 1884 998 1948 stuttgard.
1026 1881 1098 1933 1803.
1113 1909 1141 1920 ·-
1170 1875 1244 1929 Sou-

306 1954 384 2022 clnry
414 1972 462 2004 sor
490 1953 529 2004 les
546 1955 641 2020 poetes
662 1952 835 2019 elegiaques,
863 1971 891 2004 sn
906 1954 990 2006 trem.
1008 1951 1042 2000 de
1062 1948 1167 2000 l'Acad.
1192 1948 1242 1996 des

305 2019 414 2080 Inscr.‚
433 2023 466 2072 T.
482 2021 543 2072 Vll.
567 2041 592 2089 p.
603 2021 661 2071 364.
674 2050 703 2062 α·
739 2023 900 2073 Nivernois
920 2023 1036 2072 Dissert.
1058 2037 1106 2069 sur
1125 2016 1243 2083 inienio,

303 2087 336 2142 in
360 2089 505 2159 Miltngcs
527 2094 562 2142 de
580 2089 757 2144 Litterature
767 2127 777 2153 ,
795 2090 921 2144 Berolini
937 2107 1010 2160 ¹797·
1030 2087 1064 2141 T.
1075 2086 1113 2140 11.

668 2275 694 2367 s.
718 2277 771 2342 32.

267 2448 403 2515 Celtini
428 2435 580 2537 Ephesii
588 2497 597 2527 ,
620 2452 847 2537 antiquissimi
864 2455 1001 2538 poitae,
1037 2451 1076 2514 C.
1097 2447 1242 2513 Schnei-

198 2534 281 2600 dero
301 2547 459 2610 auctore,
484 2539 573 2599 circe
593 2533 843 2623 Olympiadem
863 2542 999 2603 initium
1019 2542 1098 2626 (777
1118 2559 1147 2600 a.
1160 2536 1242 2618 Ch.)

195 2620 371 2700 florentis,
394 2628 538 2685 unicum
567 2633 737 2699 tenemus,
760 2627 818 2688 sed
840 2628 1002 2690 orationis
1023 2624 1241 2711 simplicitate

195 2720 230 2773 et
252 2713 497 2772 sententiarum
524 2708 651 2773 robore
675 2721 852 2797 egregium
873 2716 1035 2798 elegiaci,
1059 2712 1109 2774 od
1126 2712 1240 2774 virtu-

194 2808 268 2860 tem
290 2795 459 2863 bellicam,
475 2799 710 2875 exnortantis,
742 2804 901 2863 carminis
936 2800 1187 2885 fragmentum,
1221 2818 1242 2859 n

195 2881 343 2945 Stobaeo
366 2894 535 2948 servatum
558 2880 734 2967 (Florilcg.
762 2888 835 2975 δι),
868 2899 998 2948 etcum
1025 2884 1168 2971 'l'yrtaei
1193 2883 1243 2944 si-

194 2967 286 3066 milis
307 2972 501 3052 argumenti
519 2972 686 3054 reliquiis,
712 2970 833 3057 quibus
852 2972 895 3036 ob
912 2974 1017 3036 solam
1037 2971 1125 3033 heire
1144 2969 1243 3031 simi-

192 3050 374 3118 uredinem
415 3081 433 3120 a
463 3058 636 3121 nonnullis
662 3079 842 3145 perperam
869 3071 1133 3133 annumeretur,
1167 3055 1241 3118 fre-

191 3154 339 3291 {uenter
362 3143 506 3222 editum,
541 3142 723 3227 seperatim
746 3157 856 3209 nutem
889 3149 970 3211 oG.
999 3142 1242 3229 Suendrupio:

226 3227 310 3314 logia
326 3228 449 3294 Cellini
473 3234 563 3295 notis
586 3232 751 3295 ittusunta
766 3233 984 3297 cet.llafniae
1007 3234 1097 3319 1795.
1109 3229 1242 3293 &Ger-

190 3318 343 3378 manicus
380 3320 540 3381 carminis
573 3315 675 3383 huius
706 3320 898 3393 versiones,
932 3339 1075 3382 numero
1107 3318 1241 3402 plures,

190 3397 306 3464 laudat
330 3403 544 3469 doctissimus
559 3404 730 3469 Mohnike
746 3404 968 3486 (Geschichte
990 3410 1050 3467 clei·
1066 3404 1241 3466 Lites-atur

192 3486 255 3549 der
276 3486 339 3553 Gr.
358 3512 391 3555 u.
405 3490 460 3576 R.)
477 3514 510 3577 p.
520 3501 593 3556 205.
638 3494 868 3577 Nupcrrimae
886 3503 965 3556 sunt
985 3486 1241 3555 C.Scl1ueicleri

191 3569 215 3640 l.
241 3595 270 3637 c.
299 3598 332 3661 p.
349 3576 401 3663 69.
437 3588 471 3640 et
501 3579 662 3643 Poesovii
685 3583 722 3641 in
743 3579 953 3645 Pentheouis
979 3579 1075 3646 '1¹.ll.
1095 3576 1237 3663 Lipsiae

193 3660 287 3725 1810.
313 3689 344 3749 p.
358 3666 410 3748 93.

255 3751 466 3815 Archilochi
487 3750 594 3815 Parii
604 3799 613 3829 ,
639 3748 865 3829 nobilissimi,
889 3763 967 3840 post
989 3744 1239 3834 orymnxx,

187 3837 226 3897 in
246 3835 314 3898 alio
345 3838 473 3922 lyricae
496 3838 609 3921 poesis
637 3860 762 3921 genere
788 3840 892 3925 poulo
920 3849 999 3927 post
1021 3854 1240 3899 commemo-

187 3921 300 3985 randi.
320 3926 460 4009 poetae,
493 3932 594 3988 etiem
619 3926 815 4010 elegiarum
840 3926 941 3990 huius
974 3925 1106 4010 generis
1130 3940 1239 4008 pauca

139 4018 144 4027 ‘
188 4005 382 4092 fragmenta
410 4025 592 4077 servarunt
618 4013 833 4096 potissimum
851 4014 1066 4085 Athenaeus,
1103 4010 1241 4072 Plutar-

188 4090 290 4172 chus,
315 4097 491 4168 b'tobeeus,
535 4098 575 4161 ln
597 4097 650 4160 liis
674 4109 809 4165 lernen,
845 4123 932 4185 quae
962 4099 1096 4162 obitum
1121 4093 1237 4159 mariti

193 4183 338 4264 sororis,
360 4186 579 4271 nauli-egium
591 4187 699 4274 pessi,
724 4199 932 4272 queruntur,
955 4188 1091 4261 docent,
1115 4183 1239 4268 elegos,
