2942 4875
1257 331 1269 362 t

443 527 670 594 Fnavtvs
698 496 1001 592 Annianus
1145 522 1232 610 .69

185 679 233 742 v.
259 678 352 746 vnt.
381 679 436 744 nt
463 667 560 743 von.
589 648 620 742 s}
654 688 728 741 nm
758 677 976 764 Langnome
1013 673 1095 739 tna
1141 678 1233 764 ¹778·

184 765 236 830 Vl
260 766 358 830 Voll.
391 766 422 832 8.
461 765 737 840 Memini‚etiam
767 776 844 828 ante
870 774 937 826 tres
967 764 1102 825 circiter
1127 782 1234 826 annos

183 853 361 920 nunciati:
404 850 600 917 Plutareh’e
628 849 891 938 reigleichencle
926 849 1233 915 Lehenslreecltrei-

184 939 340 1028 haugen,
361 938 647 1023 mltEinleitaug‚
666 935 901 1004 erkliirendem
915 932 1234 1000 Vi‘iirterveraeich-

163 1027 277 1103 ‘niss,
315 1023 494 1090 Zeittafeln
530 1047 565 1088 u.
597 1028 665 1089 den
694 1021 792 1087 niithi
818 1044 859 1087 en
883 1019 1234 1108 Sacherla'uterungen

185 1110 348 1176 reraehen
375 1133 446 1177 ron
467 1112 499 1176 1.
522 1111 568 1182 Κ.
595 1111 757 1178 Weilert
814 1107 867 1173 .Ι.
891 1109 1038 1199 Lipsiae.
1062 1111 1093 1174 8.
1138 1108 1235 1191 Quae

97 1235 122 1260 ,.
175 1198 423 1288 interpretatio
450 1199 564 1263 nescio
587 1221 630 1261 an
648 1198 763 1262 lucem
787 1197 918 1264 viderit.

216 1353 256 1420 Α.
269 1355 307 1406 Η.
323 1356 356 1405 L·
371 1355 503 1407 Haerenti
514 1364 634 1424 quatuor
647 1353 894 1405 commentationes
906 1352 940 1404 de
950 1346 1084 1405 Fontibus
1097 1361 1125 1402 et
1133 1361 1233 1404 emta·

284 1421 371 1472 ritate
385 1423 507 1473 vitarum
520 1419 683 1500 parallelar.
698 1419 844 1471 Plutarchi
848 1420 914 1469 -in
927 1418 1116 1470 Commentitt.
1131 1431 1233 1469 recent.

285 1488 347 1538 soe.
366 1487 429 1552 tter.
451 1486 573 1551 Gotuug.
593 1487 664 1537 1810·
687 1485 752 1536 1814
768 1504 823 1553 sqq.
842 1500 1013 1545 etteoranm,
1041 1484 1151 1535 editioru
1169 1485 1235 1535 rtu-

286 1554 374 1605 tarchi
388 1551 538 1606 aentnme
549 1567 575 1604 et
588 1553 761 1604 flatteniaaae
774 1553 924 1619 appendicia
939 1555 1001 1602 loco
1010 1552 1234 1610 accommodatae,
1325 1606 1328 1612 ,

287 1617 431 1685 Gottingae
456 1620 528 1671 1820.
546 1621 572 1671 8.
585 1645 618 1655 ·-·
641 1622 678 1672 A.
694 1620 790 1670 Lienis
807 1620 1004 1671 commentatio
1022 1620 1055 1669 de
1068 1617 1162 1670 ordine
1183 1634 1235 1686 qao

286 1684 459 1739 Plutarchus
474 1691 547 1739 ritas
558 1689 713 1753 scripserit,
733 1686 833 1737 ibidem
846 1685 918 1737 1820.
928 1687 992 1736 8.-
1005 1688 1040 1735 P.
1046 1686 1084 1737 A.
1093 1684 1236 1736 liotlhaltli
1293 1705 1299 1712 ’

285 1752 534 1804 Animadversiones
549 1757 575 1804 ia
586 1751 719 1804 Plutarchi
727 1753 841 1805 vitarum
857 1755 958 1818 aliquot
969 1755 1051 1802 locos.
1069 1751 1235 1822 Regiomouti

286 1819 359 1880 1812.
375 1819 402 1870 8.
418 1845 451 1856 -
476 1821 527 1873 Ph.
544 1822 572 1871 0.
585 1823 679 1872 Hessii
695 1818 773 1870 Obsi.
793 1823 901 1871 criticae
913 1821 939 1869 iu
952 1818 1023 1869 Plut.
1040 1819 1122 1869 vitam
1137 1819 1235 1866 Tima-

284 1885 393 1937 leontia.
420 1885 586 1939 Praetixacst
600 1889 709 1952 epistola
728 1887 760 1937 ad
775 1886 819 1937 Fr.
841 1888 1010 1939 Crenzerurn·
1033 1887 1137 1953 Lipsiae
1162 1885 1234 1934 1820.

283 1952 377 2016 Bmaj·
391 1978 424 1988 -
456 1955 482 2005 1.
498 1954 559 2005 etr.
582 1953 677 2005 llelsls'i
698 1954 909 2005 Annotationnm
931 1953 1090 2003 criticorum
1116 1952 1143 2001 in
1162 1953 1232 2001 t‘nu.

207 2045 210 2049 *
285 2020 358 2070 viu·
376 2022 468 2086 parali.
496 2021 635 2087 Specirncu
657 2022 694 2085 (in
717 2023 799 2073 vitam
811 2019 983 2082 Alexandri),
1006 2024 1132 2071 incertum
1153 2020 1235 2068 Actia
1322 2033 1325 2042 ⁴

281 2085 446 2157 philologor.
469 2090 628 2138 Monoecus.
642 2087 674 2137 T.
689 2088 726 2138 ll.
739 2090 814 2139 Fato.
828 2088 850 2137 1.
867 2108 891 2153 p.
909 2086 1000 2155 ess-96.
1017 2087 1051 2136 ll.
1070 2104 1096 2151 p.
1110 2083 1234 2152 159-195.

304 2153 393 2202 ostlrac
417 2171 534 2204 seorsum
556 2155 667 2204 editnrn·
682 2179 716 2191 ·-
747 2158 786 2207 M.
804 2158 837 2207 G.
859 2155 957 2205 tratur·
978 2154 1056 2203 otu.
1073 2155 1180 2202 criticae
1205 2153 1233 2201 in

284 2172 354 2270 iim
371 2220 458 2289 Opera
475 2239 540 2286 quae
559 2221 879 2284 inscribunturlloralia,
897 2223 962 2272 etia
971 2220 1093 2288 Hesychii
1107 2221 1234 2272 Leainon·
1285 2233 1290 2264 t
1381 2222 1389 2232 ’

195 2310 198 2314 *
284 2286 389 2352 Lipsiae
406 2286 478 2340 2820.
492 2287 519 2336 4.

356 2389 371 2418 4
595 2389 598 2394 ,

643 2414 669 2505 ξ.
698 2413 795 2480 136..

248 2567 684 2632 PaulloiuniorPlntarrlto
699 2569 1232 2654 FluvinsArrianne,imperante

186 2656 325 2742 quidem
349 2635 525 2718 Hadriani)
549 2654 680 2735 floruit,
712 2656 771 2719 sed
794 2658 1052 2720 Antoninorum
1074 2671 1230 2745 tempora

150 2795 152 2803 .
186 2746 335 2826 attigisse
361 2742 486 2805 dicitur
507 2742 644 2806 l’hotio.
686 2743 890 2806 Nicomedia
920 2754 1014 2807 ornn
1039 2743 1232 2831 Bithyniae,

184 2830 328 2912 Epicteti
348 2829 454 2892 Stoici
486 2828 683 2918 philosophi
707 2830 890 2915 discipulus
913 2830 1135 2910 clarissimus,
1169 2830 1233 2895 doss

184 2915 292 2977 ctrina
315 2926 348 2979 et
366 2922 487 2979 virtute
511 2920 652 2997 meruit,
685 2925 724 2979 ut
750 2918 951 2980 nouaclum
975 2918 1016 2981 ab
1038 2915 1232 2983 Athenien-

184 3003 278 3064 sibus
296 3013 329 3065 ct
342 3000 505 3066 Romanis
527 3004 669 3066 ciritatis
689 3009 763 3067 inre
778 3002 982 3079 donaretur,
1005 3006 1064 3068 sod
1086 3005 1231 3088 amplis.

184 3090 289 3150 simos
311 3086 484 3175 dignitatis
502 3090 644 3174 gradus,
674 3091 879 3154 senatorium
903 3091 1077 3167 videlicet,
1106 3114 1233 3155 consu-

128 3216 130 3220 ·
183 3174 276 3245 lare,
311 3184 345 3236 et
369 3180 406 3239 in
432 3178 537 3260 patria
568 3177 773 3240 sacerdotale
804 3199 929 3241 munus
958 3192 1232 3263 consequeretur.
1301 3162 1303 3175 ¹

185 3259 244 3325 Ab
253 3260 429 3330 Hadriano
443 3261 632 3349 praefertas
643 3262 878 3349 Cappadociae
891 3287 922 3351 p.
931 3263 1012 3327 Chr.
1025 3265 1099 3343 134,
1112 3277 1232 3328 contra

183 3348 316 3412 Alanos
330 3349 455 3413 bellum
471 3348 614 3414 feliciter
631 3353 748 3433 gessit,
771 3357 868 3414 cuins
882 3349 960 3414 belli
976 3366 1110 3435 qnoque
1122 3351 1232 3415 histo·

182 3434 269 3497 riam
280 3436 469 3518 scripserat,
481 3458 566 3521 quae
577 3436 714 3513 interiit,
723 3447 869 3522 excepto
881 3434 1083 3522 fragmento,
1091 3437 1231 3502 Instru-

180 3521 252 3584 ctio
263 3521 356 3585 aciei
363 3522 528 3588 adversae
539 3522 673 3587 Alanos
683 3523 863 3609 inscripto,
888 3523 979 3609 quod
991 3535 1158 3609 superstes
1170 3536 1229 3587 est.

182 3606 454 3693 Xenophontem
474 3610 686 3673 Socraticum
709 3632 816 3695 quum
841 3608 928 3674 vitae
946 3610 1146 3696 exemplum
1165 3611 1232 3674 sibi

182 3695 381 3779 proposuit,
413 3707 487 3760 turn
507 3695 545 3760 in
565 3693 732 3759 librorum
756 3718 840 3782 quos
861 3699 999 3784 scripsit
1021 3699 1230 3783 argumentis

178 3791 215 3840 et
240 3779 413 3869 scribendi
440 3803 564 3867 genere
592 3783 781 3847 aemulatus
803 3794 862 3848 est.
905 3785 960 3861 De
988 3786 1123 3872 scriptis
1157 3790 1230 3848 cina
1295 3852 1298 3860 ,

178 3865 354 3932 historicis
378 3878 412 3932 et
435 3867 674 3955 geographicis
701 3881 885 3976 supersunt
920 3877 949 3959 ι)
976 3871 1061 3936 libri
1087 3869 1167 3936 VII
1188 3872 1231 3935 de

178 3954 399 4040 expeditione
422 3956 623 4021 Alexandri
648 3952 879 4042 (Ἀναβασις
902 3954 1152 4043 Ἀλεξάνδρου),
1184 3978 1230 4023 ex

179 4038 331 4105 fontibus
352 4041 449 4106 ducti
469 4041 667 4107 melioribus
690 4065 792 4128 qnam
811 4044 959 4110 Diodori
975 4055 1009 4108 ct
1023 4042 1134 4108 Curtii
1150 4067 1232 4117 nar-

178 4123 337 4194 rationes.
384 4128 475 4194 aditi
507 4139 588 4193 sunt
629 4151 648 4193 a
678 4129 762 4196 Nic.
799 4130 1006 4198 Blancardo
1036 4130 1230 4196 Amstalod.

175 4207 277 4277 Ι1688.
299 4213 331 4282 8.
348 4256 392 4271 -
422 4216 550 4285 Iacobo
575 4216 771 4301 Gronovio,
792 4217 907 4307 Lugd.
924 4219 997 4285 But.
1020 4221 1103 4308 ¹7⁰4
1118 4214 1231 4301 fol—,-
