2942 4875
598 325 826 380 FABULA}

663 487 689 577 l.
712 487 767 574 49.

262 657 479 724 Carminibus
489 668 702 732 vetustorum
720 660 901 745 poetarum
918 656 1094 721 didacticis
1113 663 1146 719 et
1158 675 1239 720 sen-

194 747 349 810 tentiosis
369 767 467 832 saepe
483 748 629 810 insertae
647 757 746 810 eraut
772 748 984 809 narrationes
1005 766 1104 810 verae
1122 741 1242 806 fictae-

194 854 257 911 τε,
280 831 402 919 quibus
422 846 601 921 praecepta
628 833 863 920 generaliora,
886 855 951 921 pro
968 832 1099 916 ingenii
1123 839 1242 894 etser-

196 920 311 982 monis
347 921 454 1007 prisci
484 920 618 998 indole,
651 921 834 984 hominum
866 916 1020 984 sensibus
1054 917 1243 994 subiicere,

195 1007 345 1091 ipsisque
365 1005 579 1081 actionibus,
617 1006 751 1074 casibus
783 1016 884 1091 atque
909 1005 1038 1070 eventis
1065 1005 1242 1069 declarare

196 1103 231 1156 et
256 1092 428 1156 illustrare
455 1095 702 1160 anniterentur.
748 1093 936 1158 Fictarum
960 1093 1111 1155 maxime
1132 1090 1243 1173 origi-

196 1196 277 1242 nem
304 1189 337 1242 et
361 1181 538 1243 materiam
561 1180 717 1266 praebuit
741 1179 916 1244 observata
941 1180 1178 1243 animantium
1193 1177 1243 1239 si*

198 1287 239 1330 ve
256 1263 463 1342 bestiarum,
486 1265 707 1353 quibuscum,
737 1272 829 1330 utin
851 1265 908 1330 illa
930 1286 1067 1328 morum
1088 1267 1244 1348 vitaeque

198 1350 434 1436 simplicitate,
458 1354 567 1418 multo
589 1367 663 1420 tum
678 1352 880 1418 familiarius
902 1353 1055 1417 virerent
1073 1352 1244 1424 mortales,

198 1439 383 1524 unicuique
403 1441 521 1524 generi
541 1463 609 1503 una
627 1442 813 1527 eademque
838 1440 988 1524 ingenita
1009 1450 1152 1515 natura,
1169 1446 1244 1500 tum

202 1524 320 1612 opinio
341 1525 445 1612 vulgo
464 1527 613 1606 credita,
644 1527 741 1613 loqui
767 1526 926 1591 animalia
950 1537 985 1588 et
1007 1525 1149 1588 rationis
1177 1522 1242 1585 ali-

202 1632 304 1696 quem
331 1627 432 1677 usum
453 1611 590 1678 habere.
637 1615 714 1693 Qua
731 1613 930 1678 credulitate
942 1622 1118 1699 permotus
1130 1610 1243 1672 neseio

201 1699 277 1784 quis
292 1699 396 1786 paulo
421 1699 611 1774 sollertior,
626 1699 796 1786 fabulam
810 1701 940 1763 invenit
959 1699 1111 1786 (μῦθον,
1135 1687 1243 1774 αἶνον,

201 1782 321 1869 λόγον,
344 1782 549 1876 ἀπόλογον),
573 1786 755 1850 consilium
769 1796 904 1851 secutus
921 1785 1105 1849 hominum
1123 1782 1244 1846 rudio-

201 1892 278 1936 rum
311 1875 424 1936 coetui
454 1870 644 1936 erudiendo
680 1874 983 1971 permovendoqua
1017 1871 1244 1957 aptissimum.

202 1955 298 2023 Idem
312 1956 448 2022 fabulae
466 1979 548 2023 usus
560 1959 832 2045 antiquissimus,
852 1980 962 2044 neque
974 1957 1108 2023 indoles
1130 1958 1241 2019 diver-

201 2064 238 2109 sa
261 2045 352 2131 apud
371 2044 454 2108 alios
473 2043 637 2132 populos,
660 2042 815 2110 Orientis
833 2045 1023 2130 imprimis,
1042 2064 1142 2108 verae
1160 2063 1245 2129 apo-

152 2173 155 2178 >
199 2129 359 2215 logorum
371 2137 521 2217 patrie03
543 2131 635 2196 unde
652 2131 708 2197 vel
721 2136 1030 2197 vetustissimarum
1052 2128 1247 2193 fabularum

202 2218 292 2301 apud
319 2217 466 2305 populos
494 2218 642 2282 diversos
666 2218 928 2284 similitudinem
958 2217 1128 2305 explicare
1156 2216 1250 2292 ticet,
1289 2263 1294 2269 ·
1378 2217 1384 2226 ’

93 2357 119 2380 f
201 2307 273 2368 sive
294 2324 350 2368 eas
367 2302 408 2366 ab
429 2315 497 2370 una
519 2314 620 2390 geute
642 2304 684 2370 ad
706 2306 849 2369 alteram
863 2315 1067 2393 propagatas
1084 2325 1156 2366 essa
1178 2313 1250 2365 sta-

203 2392 331 2472 tueris,
365 2389 454 2471 sive,
484 2413 604 2458 rerum
634 2401 668 2455 at
694 2392 879 2460 hominum
900 2404 1024 2457 natura
1046 2393 1094 2456 ita
1109 2387 1251 2467 ferente,

204 2477 296 2565 apud
328 2478 446 2566 plures
477 2489 595 2564 gentes
622 2478 776 2545 diversos
810 2489 964 2545 auctores
989 2478 1126 2544 easdem
1153 2478 1247 2542 ultro

203 2564 433 2653 excogitasse,
461 2563 553 2630 haud
576 2566 730 2633 absimile
758 2588 842 2634 vero
866 2567 1049 2631 existimes.
1096 2566 1177 2644 Quo
1195 2563 1248 2626 al-

204 2653 273 2716 tius
309 2662 423 2717 autem
454 2649 581 2717 infixae
610 2650 793 2726 hominum
823 2654 1011 2720 memoriae
1045 2648 1248 2728 haerebant,

204 2737 370 2827 vulgique.
408 2758 474 2803 usu
508 2740 608 2807 tritae
654 2742 753 2805 eraut'
797 2752 897 2828 atque
940 2739 1156 2805 decantatas:
1205 2756 1249 2798 eo

206 2825 323 2892 minus
344 2826 478 2892 curiose
497 2823 533 2891 in
546 2826 676 2911 primos
697 2849 816 2893 earum
834 2836 1009 2901 auctores,
1032 2825 1088 2913 qu'
1134 2833 1250 2909 ropter

206 2923 408 2979 uetustatem
444 2911 516 2974 fere
537 2912 802 2996 ignorarentur,
834 2912 1028 2997 inquirebat
1056 2846 1252 2996 afflquitas.

207 2997 326 3085 Itaque
348 2996 480 3063 factum
504 3018 576 3061 esse
601 3009 703 3084 puta,
737 3009 791 3075 ut,
825 2998 917 3085 quod
945 3000 983 3062 in
1011 2998 1086 3063 aliis
1116 3016 1254 3083 quoque

206 3087 349 3175 poeseos
380 3083 562 3170 generibus
593 3107 658 3149 usu
692 3087 825 3151 venisse
856 3085 1027 3163 vidimus,
1068 3081 1110 3147 ad
1143 3106 1253 3148 unum

209 3170 390 3259 quemdam
413 3181 609 3247 auctorem,
642 3174 737 3237 cuius
757 3180 795 3238 in
816 3171 883 3236 hoc
910 3194 1036 3258 genere
1055 3192 1138 3257 prae
1161 3179 1255 3232 cete‹

207 3262 256 3325 ris
277 3262 388 3321 maior
411 3269 497 3321 esset
512 3255 604 3320 fama
626 3268 727 3348 atque
742 3262 946 3340 auctoritas,
967 3257 1102 3325 fabulae
1119 3258 1254 3348 plerae-⁴

210 3367 276 3437 que
303 3364 423 3413 omues
443 3342 665 3417 referrentur.
702 3356 706 3357 ’

599 3536 609 3553 ··
678 3510 705 3614 q.
725 3519 781 3586 50.

277 3692 468 3773 Contigisse
486 3691 556 3758 hoc
575 3691 665 3778 apud
677 3690 829 3758 Graecos
849 3691 1003 3779 Aesopo,
1027 3704 1127 3778 gente
1142 3692 1256 3769 ΡΙινγ·Ι

208 3782 253 3870 gi
273 3790 332 3843 aut
354 3779 504 3854 duraci,
536 3790 572 3842 ut
597 3777 813 3868 perhibetur,
846 3780 1057 3844 tralaticium
1086 3790 1147 3845 est.
1192 3777 1259 3842 Cui

210 3866 265 3934 vel
288 3867 429 3931 omnino
453 3864 588 3930 fabulae
616 3867 852 3931 inventionem
886 3866 1049 3931 nonnulli
1078 3884 1258 3953 perperam

213 3952 427 4029 tribuerunt,
459 3973 584 4040 parum
611 3958 740 4043 quippe
769 3974 961 4029 memores,
989 3976 1047 4019 mo
1063 3965 1167 4018 neate
1194 3953 1265 4016 iam

222 4039 448 4130 Quintiliano
469 4039 532 4131 (V.
556 4062 606 4107 ιι.
627 4044 883 4130 19),¹p1imu1n
909 4039 1043 4107 fabulae
1061 4040 1264 4131 exemplum
