2942 4875
346 357 353 377 '
499 347 506 372 ²
560 358 988 434 ”cenwornrnn

746 540 772 630 t.
795 540 827 605 3.

330 713 527 781 Secundum
556 711 639 777 hoec
667 711 860 778 litterarum
883 712 1095 778 Graecarum
1119 711 1308 790 historiam,

263 804 431 890 indagatis
458 811 536 864 ante
557 820 675 863 earnm
692 802 890 888 originibus
910 810 1010 885 etque
1030 800 1161 876 initiis,
1182 808 1218 864 in
1239 813 1310 865 tres

265 893 484 982 potissimum
513 898 647 951 aetates
672 889 852 951 commode
874 885 1020 949 describi
1046 906 1145 971 posse
1165 888 1311 950 arbitre-

264 980 362 1057 mitr,
387 997 532 1063 querum
549 974 704 1061 primam
723 975 872 1063 apocri,
894 995 980 1060 quoe
1007 993 1114 1058 usque
1134 974 1175 1036 nd
1193 985 1311 1038 extie-
1391 981 1397 990 ⁴

267 1089 363 1133 mem
388 1082 560 1127 annorum
578 1057 678 1123 huius
699 1061 861 1124 circuitus
882 1072 1014 1161 portem
1033 1080 1138 1144 paene
1155 1060 1231 1125 sola
1248 1082 1313 1124 ex-

266 1153 355 1217 culto
376 1150 460 1224 fuit,
481 1146 641 1237 poiticue
664 1148 779 1210 aetatis
798 1169 936 1211 nomine
956 1145 1137 1224 efficimus,
1162 1146 1206 1210 ob
1227 1147 1313 1211 Ho-

268 1262 365 1306 mero
389 1237 469 1300 inde
490 1254 598 1318 usque
622 1232 667 1295 ed
692 1233 890 1298 Pindarum
918 1255 981 1323 per
1008 1244 1154 1317 quotuor
1177 1235 1313 1298 circiter

266 1325 401 1390 saecula
414 1322 668 1396 decurrentem,
686 1320 890 1398 secundam,
907 1343 1036 1409 prosae
1052 1321 1223 1386 orationis
1244 1341 1311 1383 usu

266 1411 511 1484 invalescente,
534 1406 717 1485 historiae,
743 1407 1010 1507 philosophiae,
1043 1407 1132 1470 artis
1158 1407 1315 1471 scenicae

265 1490 1313 1582 ocdramaticae,eteloquentiaeAthcaemeximestudiisflo-

266 1595 412 1663 rentem,
430 1580 552 1646 soeculi
566 1580 814 1643 circiterunins
827 1590 861 1642 et
871 1579 1313 1666 dimidiinmbitucompre-

266 1672 425 1749 hennom,
450 1667 607 1732 Socratis
625 1677 659 1729 et
676 1666 924 1732 Demosthenis
940 1666 1135 1732 nominibus
1153 1666 1314 1751 designa·

267 1780 363 1838 mus,
386 1758 495 1822 tertia
503 1758 731 1830 severiorum,
756 1773 840 1838 quse
853 1752 1025 1829 dicuntur,
1043 1753 1312 1840 disciplinarum,

266 1859 307 1911 ut
331 1844 549 1918 Matheseos,
582 1841 846 1920 Astronomiae,
879 1841 1048 1926 imprimis
1069 1863 1151 1906 vero
1180 1842 1312 1905 Gram-

268 1933 429 2002 matices,
456 1927 604 1990 Critiees
619 1936 652 1989 et
672 1926 854 1990 doetrinae
874 1928 1072 2016 multiplicis
1089 1949 1126 1991 ae
1147 1928 1309 1990 recondi-

267 2029 322 2082 toe
344 2014 455 2079 studio
478 2013 645 2088 continet,
677 2011 740 2075 sub
774 2011 984 2078 Ptolemaeis
1010 2026 1043 2078 et
1067 2014 1312 2080 Romanorum

268 2102 502 2170 dominatione
532 2096 575 2162 ud
595 2099 739 2163 tertium
766 2099 818 2163 rel
841 2113 1006 2188 quartum
1033 2124 1136 2166 aerae
1158 2126 1201 2166 ou
1240 2102 1315 2166 aris

268 2191 447 2257 saecolum
466 2205 573 2271 usque
592 2182 776 2268 serrentio3
801 2207 867 2271 qua
888 2198 1046 2272 surgente
1061 2188 1207 2252 Eratost
1253 2210 1313 2251 aes

267 2277 402 2351 floruit,
424 2282 583 2356 vergente
594 2271 791 2358 Longinus.
825 2273 897 2339 lem
913 2277 972 2362 qui
989 2274 1149 2361 deinceps
1166 2273 1230 2338 sub
1239 2272 1314 2361 By-

269 2361 425 2430 zantinis
449 2360 599 2423 maxime
633 2361 923 2457 imperatoribus,
965 2383 1073 2450 usque
1106 2359 1148 2423 ed
1176 2359 1315 2449 imperii

270 2446 577 2515 Graeco-Romani
593 2452 770 2510 interitum
799 2458 832 2510 et
854 2450 959 2537 poulo
990 2461 1069 2536 post
1098 2450 1161 2512 sub
1188 2448 1314 2511 soeculi

270 2538 355 2605 XV.
378 2534 500 2609 finem,
526 2533 686 2601 exstitere
710 2534 834 2598 Graeci
855 2540 973 2623 po'e'toe
999 2548 1032 2601 et
1051 2536 1313 2611 versificatores,

268 2623 441 2699 historici,
467 2619 638 2697 rhetores,
661 2623 891 2705 grammatici,
919 2621 1172 2711 lexicographi,
1202 2622 1315 2709 epito-

269 2733 408 2776 niorum
432 2717 466 2771 et
487 2706 773 2793 compilationum
795 2721 967 2791 suctores,
988 2722 1028 2774 ut
1050 2711 1238 2774 litterarum
1259 2707 1315 2770 ln-

272 2820 356 2864 rnen
382 2814 558 2879 nunquam
584 2795 718 2879 penitus
743 2796 835 2883 apud
860 2794 1009 2861 Graecos
1033 2798 1242 2860 exstinctum
1260 2817 1316 2858 ee-

214 2956 220 2965 ,
270 2907 306 2950 se
325 2894 511 2959 testantur3
534 2881 594 2959 ite,
617 2886 644 2943 si
667 2883 816 2968 npencis
836 2891 1031 2961 recesseris,
1054 2883 1165 2959 nulle,
1189 2882 1316 2946 senin-

269 2971 380 3058 genii,
401 2989 460 3033 seu
480 2968 578 3043 ortis,
607 2989 665 3030 sen
686 2970 867 3045 orationis,
894 2977 1079 3059 praecipua
1108 2969 1209 3034 lande
1229 2990 1315 3033 con-

272 3058 399 3146 spicui,
433 3055 488 3119 vel
513 3054 679 3141 peculiari
708 3055 880 3121 scribendi
913 3079 1037 3143 genere
1064 3057 1249 3133 notabiles,
1278 3056 1318 3119 in

272 3144 401 3211 tertiae
416 3146 531 3205 aetatis
547 3146 642 3226 quasi
659 3144 935 3231 supplementum
952 3156 1180 3208 reservantur.
1204 3143 1316 3207 Tem-

271 3252 400 3322 porum
425 3249 507 3293 vero
529 3232 685 3291 terminis
707 3228 760 3292 his
784 3232 993 3311 constitutis,
1018 3231 1144 3295 ortium
1163 3240 1196 3292 et
1212 3228 1318 3292 disci-

271 3318 464 3405 plinarum,
489 3336 573 3399 quse
597 3315 739 3401 singulis
759 3315 945 3382 intervallis
962 3319 1112 3382 maxime
1129 3315 1316 3380 celebratae

272 3404 418 3480 fuerint,
441 3424 515 3465 non
536 3400 650 3466 solum
666 3425 817 3489 genera,
840 3405 897 3468 sed
918 3412 1020 3469 etiem
1042 3405 1138 3469 sedes
1159 3413 1192 3466 et
1202 3402 1318 3465 clami-

273 3492 358 3557 cilia
375 3491 503 3553 diverse
525 3490 730 3553 indicuntur.
778 3492 873 3569 Quae
891 3494 983 3556 enim
999 3494 1120 3592 prima
1139 3498 1244 3553 aetate
1256 3488 1315 3551 in-

272 3578 448 3642 teriones
474 3584 508 3637 et
527 3574 653 3640 Aeoles
672 3598 736 3665 per
758 3578 868 3642 Asiae
887 3580 1031 3643 mInorrs
1062 3599 1156 3641 orem
1180 3575 1316 3638 meriti-

272 3686 366 3730 mem
386 3661 580 3747 insulasque
602 3661 806 3742 ediscentes,
830 3674 903 3728 tum
921 3665 1010 3729 inter
1029 3666 1145 3729 Dares
1171 3661 1317 3727 Siciliae

199 3804 203 3809 .
273 3760 309 3813 et
327 3750 488 3839 Magnae
507 3750 678 3814 Graeciae
689 3748 840 3815 habiture
858 3752 1006 3817 voluisse
1018 3751 1176 3817 videntur
1190 3754 1318 3813 ortium

244 3904 248 3911 ,
273 3839 502 3922 ingenuorum
518 3835 644 3900 studio:
666 3856 752 3901 mox
768 3840 935 3918 secunda,
954 3841 1111 3915 Athenas
1127 3836 1236 3914 illota,
1251 3834 1322 3898 ibi-

275 3946 341 4011 que
362 3924 404 3988 ed
424 3944 597 3987 summum
620 3922 811 4010 festigium,
832 3924 923 3990 inter
940 3927 1045 3991 breve
1063 3923 1224 4010 temporis
1242 3943 1322 4011 spa-

273 4013 378 4089 tium,
403 4022 534 4090 evecto,
565 4011 687 4075 amisse
717 4024 833 4077 temen
862 4014 1129 4080 Atheniensium
1152 4011 1320 4085 libertate,

275 4097 534 4168 Alexandriam
565 4100 736 4189 Aegypti,
767 4099 1048 4168 Ptolemaeorum
1073 4099 1223 4188 regium,
1250 4095 1321 4171 mif
