2942 4875
211 446 253 538 οδ
449 443 713 509 Casrnrrs
748 444 1018 509 Antisara

209 615 396 684 seramque
411 598 678 672 amantissimus,
701 597 759 683 qui
781 595 981 660 Alexandro
999 595 1126 662 severo
1146 594 1264 679 inape-

209 696 307 750 rante
330 686 418 748 circa
445 707 473 747 n.
499 687 560 749 τοῦ
583 683 722 757 floruit,
756 683 963 756 Pausaniae,
996 680 1165 744 itinerarii
1195 700 1259 768 per

210 765 390 836 Graeciam
406 771 570 850 auctoris,
596 771 803 834 Philostrato
821 781 923 842 toste,
946 768 1142 852 disciputus.
1176 765 1260 830 Hu-

209 859 278 937 ius,
305 858 492 946 Soplristae
510 857 607 934 dicti,
630 858 698 920 duo
712 866 847 920 exstant
861 855 1003 940 scripta,
1026 876 1070 918 ax
1087 854 1158 915 aliis
1171 854 1261 916 atio·

208 961 287 1009 rum
320 945 460 1008 collecta
486 945 751 1030 compilataque,
782 941 887 1006 inodo
910 944 976 1018 ita,
1008 951 1048 1003 ut
1077 949 1263 1004 anctorum

208 1052 296 1118 qnos
320 1030 538 1114 exscripserit
554 1030 626 1117 ipss
647 1031 749 1091 rerba
759 1029 946 1120 'retinuisse
962 1027 1131 1102 videatur,
1154 1024 1262 1089 modo

209 1127 251 1186 nt
272 1137 325 1184 res
348 1116 485 1182 aliunde
517 1126 749 1198 sumtassna,
782 1115 850 1179 hoo
877 1125 947 1192 est,
980 1114 1077 1178 valde
1100 1111 1263 1176 dissimili

209 1205 362 1268 orations
385 1213 418 1267 et
440 1202 529 1292 stylo
559 1204 634 1266 iura
658 1212 774 1264 notato
796 1200 954 1277 effesset3
985 1200 1076 1262 uada
1100 1198 1263 1264 dictionis

211 1290 309 1354 color
332 1288 483 1353 diversus
514 1290 678 1366 nascitur,
711 1299 839 1352 attento
863 1287 982 1354 lectori
1013 1284 1113 1356 ficita
1134 1286 1264 1371 depre-
1321 1287 1334 1304 ¹
1453 1295 1454 1304 ¹

208 1373 420 1441 hendendus.
461 1376 623 1440 Alterum
646 1397 732 1460 opus
756 1376 901 1438 indicem
925 1373 1028 1458 reigo
1053 1383 1173 1438 notum
1194 1372 1264 1434 ba-

209 1459 282 1528 bets
311 1461 446 1527 Variae
461 1459 648 1527 Historiae
662 1464 683 1524 t.
699 1459 800 1528 XIV.
819 1459 865 1526 Ἡ
887 1462 1057 1539 ποικίλη
1080 1461 1264 1543 iaaopio,

171 1561 173 1565 '
208 1549 282 1624 vel,
306 1548 596 1634 quomadmodum
619 1548 674 1611 aiii
692 1554 886 1624 nominant,
909 1548 1055 1624 Ποικίλη
1078 1541 1267 1632 ἀφήγησις,

208 1635 263 1705 vel
275 1633 470 1719 Σύμμικτος
480 1635 630 1718 ἱστορία,
651 1634 701 1696 val
712 1625 873 1721 'Iatopsnis
885 1630 1030 1711 διάλεξις
1047 1636 1069 1695 i.
1079 1655 1109 1692 e.
1123 1627 1268 1714 ἐκλογήὶ

209 1727 307 1786 cuius
323 1723 487 1809 princeps
501 1723 627 1796 editio,
650 1721 834 1786 eGaarillo
855 1721 1000 1786 Peruseo
1020 1728 1152 1791 curata,
1176 1739 1263 1803 pro-

209 1808 272 1876 diit
294 1806 427 1870 Romae
457 1810 544 1871 1525.
574 1813 605 1870 t.
637 1809 852 1892 sequentium
874 1817 985 1870 autem
1008 1806 1156 1892 potiores
1179 1812 1263 1866 sunt

155 1964 158 1970 ,
210 1894 331 1966 Isacia.
355 1892 510 1972 Ks's'lrnii,
546 1914 623 1957 rum
652 1893 837 1959 tlsutteii
860 1894 1036 1979 interpret.
1058 1890 1134 1953 Lat.
1156 1890 1263 1968 rasti-

209 1991 305 2068 gata,
329 1982 514 2062 Argeum.
533 1977 625 2042 1685.
640 1981 669 2044 8.
688 1990 720 2041 et
731 1979 941 2044 emendatior
955 1978 997 2063 (I.
1013 1977 1062 2044 H.
1077 1975 1265 2042 Lederiiai

210 2069 308 2153 eura)
329 2066 409 2130 ibid.
438 2065 530 2151 1713.
550 2067 632 2133 8.-
655 2066 725 2129 loc.
748 2061 926 2132 Perizonii
947 2086 1024 2127 cum
1047 2065 1261 2147 interpretat.

210 2151 288 2232 Lat.
307 2151 482 2236 doctisque
505 2153 769 2216 commentariis.
787 2152 898 2239 Lugd.
917 2152 992 2216 Bot.
1009 2169 1100 2237 ¹7⁰¹·
1122 2149 1156 2214 ll
1170 2148 1265 2212 vott.

208 2241 243 2306 8.
265 2280 306 2293 -
353 2237 440 2302 Atr.
468 2239 635 2304 Gronovii
658 2245 976 2327 curninterprstat.
999 2237 1073 2301 Lat.
1103 2245 1136 2300 et
1158 2257 1267 2321 prae*

212 2324 406 2394 cedentium
432 2327 522 2389 irotis
551 2326 690 2409 integris
715 2328 866 2410 suisque,
897 2326 1024 2390 ibidem
1054 2323 1145 2413 ¹73¹·
1169 2329 1264 2385 4.-
1288 2403 1292 2406 -

216 2412 256 2479 C.
282 2413 326 2478 G.
363 2410 498 2477 Kiilmii
519 2433 598 2477 cunr
637 2413 804 2477 l'erizonii
835 2413 1049 2499 aliorumque
1078 2431 1264 2499 rotomen-

212 2500 306 2569 tariis
330 2499 483 2563 etiodica
496 2499 717 2576 Graecitatis,
741 2502 878 2587 Lipsiae
899 2500 990 2583 1780.
1015 2496 1153 2561 IlVott.
1176 2499 1266 2560 8..-

217 2582 262 2652 G.
275 2584 320 2653 B.
344 2586 531 2651 Lebrrertii
550 2608 628 2650 cunr
652 2586 742 2650 notis
765 2587 897 2650 selectis
920 2588 956 2650 iu
976 2587 1129 2648 tironum
1151 2606 1266 2660 usum,

185 2684 191 2693 ’
210 2671 293 2738 ibid.
312 2679 401 2756 ¹794·
416 2672 500 2734 8.-
522 2673 713 2760 Nuperirna
737 2684 867 2755 autem,
889 2683 1025 2736 auctore
1042 2671 1154 2747 Corar
1168 2670 1210 2733 V.
1223 2668 1268 2735 C.

212 2769 376 2823 contextu
399 2757 784 2844 diiigenterrecognito,
807 2762 962 2846 notisque
983 2758 1266 2842 Grneeeacriptis

213 2844 400 2919 illustrato,
432 2844 468 2908 in
493 2843 687 2911 Prodromo
723 2840 959 2911 Bibliothecae
988 2846 1162 2918 Graecae,
1195 2846 1267 2908 Pa·

210 2932 300 2997 risiis
325 2931 416 2996 1805.
431 2932 462 2994 8.
481 2926 523 2998 ri.
548 2930 592 2995 T.
610 2935 634 2996 t.
659 2955 691 3017 p.
710 2933 780 3020 137.
804 2944 838 2997 et
849 2933 892 2996 T.
908 2931 1001 3021 ll.‚§.
1022 2930 1091 2999 133.
1115 2933 1283 3017 pen-1

214 3019 317 3093 Alter
338 3017 502 3085 etsimilis
528 3020 623 3101 pretii
649 3017 733 3083 liber
753 3019 794 3081 sb
812 3019 958 3084 Aeliano
983 3031 1101 3082 riostro
1117 3019 1268 3103 scriptus

212 3110 264 3166 est
293 3104 334 3166 do
366 3104 589 3168 Animalium
617 3117 749 3170 natura
779 3119 811 3170 et
840 3105 974 3187 indole,
1011 3107 1116 3191 ssepi
1148 3101 1269 3169 zoes

211 3185 430 3270 ἰδιότητος
460 3191 481 3252 Ι.
504 3189 619 3259 XVll.
654 3214 698 3255 ex
725 3192 908 3257 Aristotele
937 3191 1076 3277 aliisque
1109 3190 1268 3254 historiae

212 3290 282 3343 nat.
290 3278 513 3362 scriptoribus
528 3277 712 3365 deperditis
728 3279 878 3345 inarime
894 3278 1135 3354 concinnatus,-
1153 3298 1268 3364 quem,

212 3385 232 3427 a
258 3364 298 3428 Ρ.
325 3363 446 3515 §silio
471 3363 596 3428 Latina
628 3385 783 3441 versum,
823 3376 903 3451 post
938 3366 1041 3430 Conr.
1076 3365 1269 3435 Gesnerum

213 3450 304 3515 inter
363 3451 473 3515 eliani
500 3458 611 3540 Opera
632 3452 757 3536 'l'igori
784 3449 944 3521 1556f01.
968 3450 1001 3514 ai
1012 3451 1175 3536 Lugduni
1196 3451 1270 3515 sire

215 3533 376 3601 Genevse
396 3536 456 3615 ‚161
470 3558 495 3599 ι.
527 3553 592 3617 aa,
616 3538 748 3602 Graece
771 3547 805 3601 et
825 3539 948 3604 Latine
972 3561 1050 3603 cum
1073 3537 1271 3601 annotatio-

214 3623 316 3687 nibus
336 3622 472 3686 edidere
493 3623 580 3688 Abr.
599 3625 813 3701 Gronovius,
835 3621 988 3691 Londini
1016 3630 1106 3711 spat.
1130 3620 1162 3690 ll
1176 3622 1269 3688 von.

212 3713 244 3773 t.
268 3719 302 3774 et
324 3709 375 3774 Ιο.
400 3708 443 3773 G.
465 3709 712 3786 Schneiderus,
735 3709 890 3799 Lipsiae,
916 3713 1009 3801 1784.
1022 3702 1059 3779 8.'
1079 3712 1138 3795 qni
1156 3719 1273 3796 postea

212 3796 249 3861 in
274 3794 545 3867 Commentariis
567 3796 617 3859 ad
638 3796 795 3885 Reliqua
817 3798 988 3863 librorum
1012 3797 1192 3864 Friderici
1213 3792 1270 3861 11.

214 3881 306 3969 Imp.
323 3883 365 3946 de
378 3882 469 3946 Arte
487 3881 528 3947 V
522 3882 655 3951 raaudi
670 3905 750 3948 com
765 3884 887 3950 avibus
897 3896 960 3949 ete.
971 3896 1067 3949 tomo
1078 3882 1120 3948 lt.
1134 3884 1273 3950 Austa-

214 3968 308 4033 rium
330 3968 613 4034 emendationum
634 3981 743 4058 atque
770 3970 1044 4038 adnotationum
1078 3970 1121 4033 ad
1144 3970 1274 4035 tibrum

216 4051 474 4119 hunc.Aeliani
503 4055 616 4129 emisit
637 4055 777 4141 Lipsiae
805 4058 897 4146 1789.
920 4061 951 4124 t.
973 4102 1016 4115 -
1061 4057 1101 4121 ln
1125 4069 1273 4144 utroque

215 4135 353 4215 Aeliani
375 4163 482 4231 opere
502 4164 621 4207 serum
644 4142 785 4229 quidem
812 4152 909 4235 copie
937 4147 1138 4215 etrarietas
1160 4146 1275 4212 lecto·
