2942 4875
498 417 726 466 casuras
756 415 1010 466 essiones
1227 398 1270 465 33

228 601 248 645 e
281 598 349 665 quo
380 574 546 661 particula
581 572 760 661 quaedum,
794 573 984 651 Herculis,
1003 571 1201 637 ‘Alcmenae
1233 593 1277 636 ex

231 668 312 732 lore
343 660 423 737 lilii,
452 661 588 739 laudes,
617 662 663 725 im
690 653 795 725 rimis
826 660 940 724 herois
963 668 1080 726 centra
1113 658 1276 746 Cycnum,

228 752 354 816 Martis
378 746 502 824 lilium,
525 768 635 834 prope
656 684 861 812 'isachinias
882 744 1097 821 Thessaliae,
1114 768 1277 832 pugnam

233 856 427 923 exponens,
460 847 591 899 serrata
615 844 681 898 est:
706 856 791 919 quae
819 853 925 918 quum
949 833 987 895 in
1005 832 1116 907 scuti,
1149 830 1276 895 caelato

231 944 334 1009 opere
357 927 451 986 vario
464 931 498 984 et
514 917 696 1008 multiplici
708 920 869 1005 insignis,
893 941 960 1005 quo
979 919 1020 982 ad
1031 928 1207 981 certamen
1220 940 1277 981 ar-

231 1018 346 1075 matur
367 1005 523 1086 Alcides,
559 1007 789 1107 descriptione
820 1009 970 1070 maxime
1005 1015 1193 1092 occupetur
1209 1007 1275 1090 (rs.

234 1096 413 1182 139-320);
436 1093 577 1172 accidit,
599 1104 640 1157 ut
662 1096 857 1181 fragmento
884 1092 964 1156 huic
987 1085 1144 1176 antiquae
1161 1092 1275 1179 poe'sis

256 1181 484 1256 ulcherrimo,
529 1192 564 1245 et
593 1181 635 1244 ad
664 1182 820 1247 Achillei
845 1180 955 1267 clypei
975 1179 1212 1266 descriptionis
1239 1178 1276 1242 in

228 1205 426 1334 lismoi-icis
449 1267 560 1350 (iliad.
584 1266 717 1332 XVlll.
742 1266 1277 1356 478-607.)praestantiampro-

225 1357 320 1420 xime
348 1354 543 1430 accedenti,
568 1353 668 1417 Senti
687 1353 857 1436 Herculis
882 1349 1063 1440 (Ἁσπίδος)
1085 1372 1212 1416 nomen
1244 1361 1278 1416 et

189 1455 194 1460 “
225 1441 347 1507 titulus
371 1439 547 1515 haereret,
575 1448 609 1503 et
627 1461 691 1525 pro
709 1439 864 1503 Hesiodi
886 1448 987 1525 partu
1017 1439 1143 1521 passim
1167 1437 1275 1501 hebe-

227 1541 344 1593 retur:
368 1527 458 1610 quod
480 1526 682 1596 ismeniam
711 1527 803 1588 inter
816 1533 946 1587 veteres
972 1525 1107 1606 negavit
1136 1526 1277 1587 Aristo-

228 1614 361 1701 phanee
372 1612 575 1699 Byzantius,
597 1618 817 1686 assentiente,
843 1621 976 1696 praeter
995 1608 1087 1685 alios,
1109 1609 1274 1675 Eicltstu-

231 1700 291 1763 dre
320 1699 357 1760 in
379 1697 652 1764 Handwo'rterb.
683 1699 768 1763 iiber
792 1697 849 1762 die
871 1697 1021 1762 scliiinen
1041 1694 1177 1760 Krinsts
1197 1696 1275 1763 T.t

230 1805 315 1854 voce
334 1784 525 1849 Hesiodus.
1139 1825 1141 1828 .

583 1909 591 1935 Ι

261 1956 364 2029 Herus
381 1956 415 2009 cd
430 1956 547 2027 Apollod
578 1954 707 2026 p.558.-
730 1955 887 2009 Groddeck
910 1953 1004 2010 Ueber
1018 1953 1070 2008 die
1093 1948 1276 2024 Argonauti-

331 2044 368 2079 ca
385 2025 440 2090 dus
460 2025 595 2097 Apellen.
615 2026 711 2080 tried.
732 2026 750 2077 l.
764 2042 788 2078 c.
806 2025 842 2076 T.
852 2023 890 2077 ΙΙ.
908 2043 934 2094 p.
948 2041 980 2092 79
991 2022 1278 2093 sqq.-Heinriclrde

331 2093 418 2146 Scuto
439 2094 521 2145 Herc.
541 2093 572 2145 in
593 2093 766 2147 NerisBidl.
779 2094 808 2145 d.
824 2094 926 2147 sciren.
951 2092 1040 2146 Wiss.
1059 2092 1181 2147 uvi.
1203 2105 1275 2161 part.

329 2161 367 2214 11.
384 2190 414 2205 -
430 2160 656 2232 Scilichtegrell
666 2163 760 2215 Uebsr
778 2162 834 2214 den
848 2159 953 2214 Schild
971 2162 1023 2213 dea
1034 2159 1179 2216 Hercules
1197 2163 1276 2217 necle

329 2229 385 2285 der
407 2229 628 2302 Besehreibung
645 2232 698 2285 dee
715 2230 876 2286 Hesiodus.
895 2229 1005 2284 Gothia
1021 2228 1095 2299 1788.
1104 2228 1133 2285 8.

708 2434 723 2528 t
747 2439 800 2507 ae.

295 2640 385 2707 Cum
410 2641 596 2707 mulierum
624 2641 677 2707 his
701 2641 859 2728 catalogis
889 2641 954 2706 alia
991 2640 1098 2707 multa
1126 2630 1269 2707 interci-

230 2728 357 2793 derunt
384 2730 552 2804 rarmina,
576 2749 639 2814 pro
657 2730 838 2795 Hesiodeis
860 2727 991 2804 habita,
1013 2749 1161 2816 quorum
1184 2751 1268 2794 cen-

224 2838 307 2880 sum
326 2816 472 2879 instituit
487 2812 660 2879 Fabricius
684 2815 775 2880 Bibl.
796 2815 859 2879 Gr.
872 2815 953 2882 Vol.
978 2814 1004 2879 Ι.
1026 2838 1059 2902 p.
1070 2815 1134 2902 589
1145 2840 1217 2906 sqq.
1241 2817 1270 2880 E

227 2903 348 2987 quibus
372 2924 451 2988 prae
471 2907 590 2966 ceteris
612 2913 804 2967 memoratu
828 2902 985 2987 digniora
1014 2901 1171 2965 videntur
1189 2904 1273 2969 Me-

225 2989 418 3077 lampodis,
439 2991 475 3053 in
487 2988 652 3077 Melampi
669 2994 806 3077 auguris
827 2989 867 3078 (l.
881 2991 933 3079 14)
946 2987 1149 3053 nobilissimi
1159 2988 1272 3079 huno-

226 3095 302 3137 rem
326 3077 480 3152 condite,
504 3098 605 3161 quam
625 3086 740 3141 tamen
762 3078 829 3141 τῶν
850 3073 1047 3160 καταλόγων
1063 3088 1194 3163 partem
1214 3075 1272 3140 fu-

223 3160 290 3224 isse
310 3162 504 3313 ευεὸίοεῑιπ
521 3162 681 3249 Heyuius
701 3165 742 3228 ad
761 3160 921 3249 Apollod.
954 3159 1067 3250 plia,
1101 3176 1135 3226 et
1155 3163 1272 3248 Aegi-

225 3248 332 3327 mius,
391 3250 504 3319 ericae
521 3250 582 3313 stir
608 3252 635 3314 is
652 3250 839 3313 conditoris
851 3269 978 3312 nomeu
998 3247 1272 3335 praeseferens,

224 3335 321 3397 euius
352 3332 451 3398 liberi
482 3356 562 3399 cum
625 3335 804 3413 eraclidis,
834 3337 1007 3418 octoginta
1039 3345 1119 3421 post
1142 3334 1270 3399 Troiae

225 3419 400 3484 excidium
421 3422 536 3499 annis,
566 3421 815 3487 nobilissimam
845 3425 882 3485 in
905 3420 1183 3505 Peloponnesum
1206 3443 1271 3485 ex-

222 3506 434 3595 peditiouem
442 3506 614 3595 (κάθοδον
628 3511 697 3574 τῶν
708 3508 953 3655 Ἡρακλειδῶνέ
963 3502 1191 3593 perfecerunt.
1216 3508 1267 3572 De

226 3594 323 3657 cuius
345 3595 507 3680 carminis
523 3605 726 3681 argumento
742 3596 818 3658 vide
832 3615 916 3679 quae

224 3689 330 3746 ment.
354 3681 396 3743 de
421 3676 574 3745 fontibus
594 3679 1051 3768 A1·gonuuticer.Apollenii
1072 3678 1182 3747 illaad.
1208 3680 1283 3753 l.c.,

224 3768 601 3868 pulsum-‘Quorum
625 3771 781 3833 omnium
797 3765 1188 3850 carminumfragmenta
1198 3789 1265 3832 nu-

224 3853 472 3933 merosusima,
495 3855 532 3919 in
548 3865 700 3920 veterum
716 3854 967 3918 commentariis
982 3850 1093 3916 adhuc
1106 3854 1266 3940 dispersa,

223 3942 354 4006 utinam
385 3939 505 4027 aliquis
533 3962 675 4027 graecae
704 3937 912 4029 antiquitatis
941 3953 976 4004 et
995 3940 1183 4004 litterarum
1203 3962 1265 4029 pe-

226 4029 328 4093 ritior
350 4027 500 4094 studiose
530 4030 729 4115 investiget,
753 4029 909 4114 colligat,
933 4040 1015 4114 apto
1031 4035 1064 4088 et
1079 4026 1193 4095 lucido
1209 4053 1268 4095 or-

224 4114 303 4180 dine
326 4114 503 4202 disponat,
532 4125 567 4179 et
583 4116 699 4181 critica
731 4116 952 4184 sunoutione
973 4114 1135 4263 illugtretl

1084 4282 1185 4341 «Ὗ

955 3594 1099 3681 isputavi
1114 3594 1150 3656 in
1163 3593 1270 3659 Com·
1369 3643 1373 3649 .
