2942 4875
281 440 343 504 nt
431 433 434 440 ’
469 409 1137 523 Aismrscoasvara,o1rs0s1vs

154 616 156 618 ¹
207 607 213 616 ·
280 585 427 677 legoniae
475 588 608 675 hysicas
628 599 662 653 et
672 588 836 689 morales,
859 609 945 676 quae
960 586 1004 651 de
1016 588 1092 652 Diis
1109 588 1200 674 epod
1222 584 1346 653 Grae-

281 698 340 740 coa
360 674 460 742 trade
485 686 606 754 antur,
634 696 714 740 cum
736 697 919 742 nominum
941 673 1139 739 divinorum
1160 675 1346 761 etymolo-

282 764 348 852 giis
359 762 546 828 secundum
556 763 752 827 Stoicorum
765 771 945 849 praecepte
956 762 1155 841 continena,
1167 783 1206 824 ac
1218 761 1345 848 vulgo,

281 851 343 916 sed
362 852 475 917 minus
497 861 604 928 recte,
625 849 663 912 in
682 849 994 937 mythologicorum
1014 848 1186 912 librorum
1209 870 1344 912 nume-

279 960 359 1003 rum
381 937 518 1002 relatus.
542 934 673 999 Graece
721 935 849 1000 rimam
872 936 982 999 editus
1003 945 1055 998 est
1076 933 1118 999 ab
1138 934 1343 1001 AldoMu-

278 1025 380 1090 nutio
404 1044 482 1086 cum
506 1021 636 1109 Aesopi
659 957 785 1102 Fazb„
819 1020 1026 1109 Palaephato
1060 1022 1223 1107 aliisque,
1256 1021 1341 1085 Ve-

280 1112 380 1194 netiis
410 1109 493 1173 1505
513 1104 571 1172 fol.
617 1107 749 1172 Graece
770 1117 805 1169 et
826 1107 1093 1172 Latinesautem
1126 1129 1204 1172 cum
1229 1108 1338 1174 Cone.

283 1196 446 1276 Clauseri
472 1195 756 1280 interpretatione
779 1204 813 1257 et
834 1196 925 1257 notia
953 1195 1101 1258 insertus
1133 1206 1184 1259 est
1207 1195 1337 1259 Histo-

279 1286 351 1347 riae
374 1283 471 1346 Po'e't.
493 1279 671 1368 Scriptis
699 1272 765 1345 Te.
793 1273 928 1356 Βαίου,
960 1279 1155 1366 cantabrig.
1185 1280 1275 1367 1671.
1304 1281 1336 1343 8.

278 1379 313 1433 et
324 1367 519 1433 Amstelod.
548 1367 639 1433 1688.
659 1375 691 1432 8.
712 1365 851 1429 Novum
873 1367 1058 1432 editionem
1078 1366 1187 1432 multo
1210 1387 1333 1431 emen·

279 1456 445 1517 dationem
464 1452 636 1540 pollicitus
667 1461 741 1516 erat
758 1450 989 1518 Villoieonius
1008 1456 1045 1519 in
1063 1454 1250 1519 Anecdotis
1267 1451 1332 1517 Gr.

279 1540 324 1604 T.
347 1543 389 1606 ll.
420 1563 454 1627 p.
477 1539 550 1603 243.
573 1541 670 1604 cuius
696 1542 892 1624 Apparatus
920 1562 984 1605 ms.
1017 1545 1055 1605 in
1077 1540 1163 1606 Bibl.
1195 1539 1331 1605 Caesar.

280 1627 387 1692 Paris.
410 1636 621 1702 asservatur,
641 1635 736 1688 ‘teste
767 1624 939 1691 Sedoeliio
959 1627 1008 1689 'in
1030 1628 1235 1713 Repertoire
1266 1637 1332 1694 etc.

277 1714 323 1777 Τ.
346 1715 371 1778 l.
405 1735 439 1797 p.
466 1730 535 1776 aio.
570 1711 623 1776 Cf.
649 1711 815 1776 Chordon
835 1711 879 1775 de
895 1714 932 1777 la
956 1714 1127 1779 Rocireue
1154 1714 1330 1801 Melanges

278 1802 322 1864 de
333 1801 486 1886 Critique
507 1809 539 1862 et
559 1798 599 1862 de
612 1796 805 1886 Philologie
823 1797 866 1862 T.
879 1799 937 1866 lll.
961 1822 995 1890 p.
1008 1802 1050 1866 55
1068 1820 1141 1888 sqq.

206 1971 208 1975 ⁴
331 1972 453 2037 Paullo
466 1967 1330 2062 postflorueruntMueoninsdufueeiusquedisci-
1440 1983 1441 1992 ’

276 2059 379 2144 pulus
391 2059 583 2146 Epictetus.
600 2055 736 2138 Peioris,
746 2059 861 2121 multia
899 2070 1019 2143 ropter
1030 2061 1218 2128 doctrinam
1231 2078 1265 2130 et
1277 2072 1327 2134 vi-

276 2159 330 2210 tae
341 2147 568 2231 integritatem
583 2143 725 2223 laudati,
736 2140 837 2230 quein
853 2081 1081 2232 tiispasianus
1093 2148 1180 2239 imp.
1190 2201 1200 2230 ,
1223 2177 1327 2241 quum
1440 2195 1441 2204 .

279 2242 411 2298 celeroe
433 2228 660 2321 philosophos
683 2229 793 2294 Roma
817 2233 1023 2315 expulisset,
1047 2236 1161 2299 solnm
1187 2246 1223 2301 in
1244 2243 1327 2307 urbe

276 2319 430 2385 habitare
458 2338 575 2406 passus
597 2326 664 2388 est,
705 2313 760 2404 (ci.
784 2316 1024 2471 Ruhkopfium
1052 2321 1089 2385 in
1108 2322 1328 2409 Argumenta

133 2419 141 2436 ‘
277 2403 374 2494 epist.
399 2405 452 2495 73.
472 2407 619 2468 Senecae
638 2398 733 2552 Oppi
758 2402 854 2470 T.ll.
876 2426 908 2492 p.
941 2409 995 2494 δι)
1019 2419 1152 2474 exstant
1174 2413 1328 2501 disputa-

277 2498 389 2560 tiones
407 2492 499 2559 haud
520 2509 663 2576 paucae,
688 2512 705 2553 e
742 2492 875 2556 Ioanne
888 2493 1037 2559 Stoboeo
1054 2506 1222 2580 amalae,
1244 2527 1326 2587 quas

278 2582 405 2648 Petrus
435 2576 694 2645 Nienwinndua
724 2577 761 2641 in
786 2576 916 2643 dissert.
951 2583 994 2645 de
1022 2582 1192 2651 Musonio
1227 2587 1327 2681 Ruso

183 2731 186 2739 ,
277 2665 490 2756 philosopho
520 2665 654 2738 Stoico,
697 2663 892 2729 Ameielod.
931 2668 1023 2749 1783.
1053 2678 1083 2732 l.
1108 2674 1225 2739 ductes
1256 2701 1327 2746 ease
1438 2714 1439 2725 ο

279 2764 378 2844 putat
391 2764 440 2839 {ex
453 2773 559 2837 opere
577 2747 1034 2836 Ἀπομνημονευμάτων
1056 2759 1327 2848 Μουσωνίου,

277 2839 569 2925 Memorabilium
591 2834 771 2911 Musunii,
795 2842 885 2924 quod
910 2839 1079 2908 Claudius
1098 2848 1230 2932 Pollio,
1253 2874 1328 2916 me-

276 2941 430 2994 moratus
452 2926 598 2989 aPlinio
621 2923 712 3009 Epp.
733 2922 808 2986 Vll.
833 2934 901 3003 31„
924 2930 1128 3014 conscripsit
1147 2934 1189 2996 ed
1207 2957 1326 3003 exem-

276 3015 375 3103 plum
397 3011 710 3100 Xenophontem,
733 3028 835 3093 quarn
854 3008 927 3074 fere
947 3014 1116 3081 rationem
1139 3033 1253 3105 postea
1270 3048 1326 3088 se-

278 3111 376 3166 cutus
398 3114 449 3165 est
470 3099 640 3166 Arrianus
663 3097 698 3158 in
722 3094 859 3160 Scholia
883 3099 1028 3185 Epicteti
1060 3110 1324 3179 conscribendis.

277 3208 309 3251 v.
333 3189 543 3254 Harleaium
563 3186 605 3248 ad
630 3182 759 3251 Fauno.
784 3183 827 3249 T.
844 3183 900 3248 ill.
926 3211 959 3274 p.
980 3190 1044 3256 566
1068 3202 1137 3257 not.
1161 3186 1201 3260 In
1214 3195 1325 3285 Wyt-
1437 3234 1438 3239 ¹

278 3276 437 3340 eunachi
458 3273 604 3340 nisan.
627 3271 748 3336 noa..
768 3267 826 3334 un.
844 3271 869 3335 1.
893 3271 1084 3344 Amneni.
1112 3280 1203 3365 1809.
1214 3283 1245 3350 s.
1267 3287 1325 3348 in.
1437 3272 1438 3299 ¹

278 3380 334 3432 ter
354 3365 536 3429 Anecclota
557 3362 717 3443 leguntur
741 3360 809 3421 duo
832 3356 984 3425 Musunii
1007 3361 1217 3451 fragmenta,
1241 3370 1324 3436 alte·

237 3448 242 3457 ⁴
279 3473 358 3518 rum
383 3474 414 3538 p.
441 3447 619 3535 157-163.
645 3444 698 3513 Ἕκ
718 3444 793 3523 τοῦ,
817 3439 848 3510 εἰ
867 3452 1110 3534 παραπλησίως
1129 3454 1326 3526 παιδευτέον

171 3580 173 3585 ,
278 3537 341 3619 τὰς
356 3540 551 3623 θυγατέρας
570 3537 639 3611 τοῖς
661 3537 760 3612 υἷοῖςς
791 3534 937 3598 alterum
959 3559 992 3623 p.
1017 3536 1175 3626 163-67.
1200 3539 1325 3611 Ἑκοοῦ

278 3628 334 3696 ‘a'n
358 3630 416 3691 καὶ
437 3624 569 3717 γυναιξὶ
591 3619 863 3710 φιλοσοφητέον
903 3631 1086 3713 uirumque
1117 3629 1325 3694 emendatius

280 3735 383 3802 quam
404 3714 441 3777 iu
464 3711 580 3774 codice
604 3711 727 3773 lectum
749 3718 808 3777 est.
833 3708 886 3774 Of.
899 3708 1024 3776 Boetia·
1043 3715 1131 3777 Acta
1147 3717 1326 3785 ,seminarii

280 3801 443 3888 philolog.
467 3799 563 3883 Lips.
588 3793 667 3862 Vol.
692 3796 717 3862 l.
742 3821 775 3885 p.
798 3796 872 3883 367.
894 3839 937 3853 -
981 3801 1190 3885 Nuperriiue
1212 3814 1323 3867 antem

282 3889 446 3963 Musunii
465 3882 569 3965 Rufi,
600 3883 805 3976 philosophi
838 3887 971 3959 Stoici,
1002 3888 1188 3977 Reliquias
1217 3899 1252 3954 et
1266 3890 1325 3955 'A-

281 3976 563 4063 pophtliegmoto
586 3993 664 4036 cum
690 3977 910 4037 annotatione
938 3973 1043 4039 edidit
1068 3975 1102 4040 i.
1126 3973 1326 4042 Veniwizan

196 4122 198 4125 .
285 4061 501 4149 Peerlkamp.
524 4057 679 4126 Harlemi
703 4061 797 4126 1822.
820 4060 938 4126 limai.
