2942 4875
429 371 648 425 acucbat
676 369 731 421 tu
759 365 1004 421 ROHBRV!
1200 357 1244 426 ’ὅ

196 528 384 615 ἀθετήσεις
410 532 481 598 sive
510 529 780 616 improbationes
810 550 971 593 versuum
1007 538 1066 593 aut
1089 526 1244 596 vocabu-

197 622 327 688 lorum.
383 619 468 699 Quo
496 618 761 682 annotationum
788 636 935 679 numero
964 616 1001 680 in
1029 617 1100 681 dies
1131 617 1241 704 magis

198 716 395 780 crescente,
420 713 599 769 auctorum
620 723 703 768 vero
726 702 949 790 plerumque,
975 711 1015 765 ut
1030 701 1088 781 fit,
1111 725 1248 769 memo·

199 796 253 862 ria
286 801 320 854 ct
345 792 486 858 nomine
520 789 741 867 oblitteratis,
774 795 882 853 serius
920 788 1154 870 exstiterunt,
1189 788 1250 878 qui

201 879 532 945 commentariorum
563 874 689 941 horum
719 885 963 963 notarumque,
982 888 1162 965 excerpta,
1191 871 1251 942 sed

204 964 349 1030 consilio
372 965 525 1040 diverso,
546 962 679 1028 delectu
700 973 814 1027 autem
837 984 876 1026 ac
888 963 1016 1027 iudicio
1034 963 1251 1049 parumsub.

204 1053 278 1129 tili,
298 1071 376 1115 cum
399 1052 629 1119 recentiorum
647 1050 952 1136 grammaticorum
975 1051 1075 1136 nugis
1091 1051 1253 1138 tricisque

204 1140 397 1225 antiquiora
428 1149 462 1202 et
483 1138 588 1224 proba
607 1137 723 1222 putide
740 1143 940 1213 miscentes,
963 1138 1252 1202 consarcinarent,

206 1226 314 1293 Cuius
349 1226 483 1312 generis
522 1224 762 1289 commentarii
801 1224 965 1306 miscelli,
1005 1224 1070 1288 snb
1107 1224 1252 1291 nomine

207 1313 429 1394 Soliotiarum
453 1312 490 1376 in
516 1312 729 1388 Homerum,
755 1322 898 1376 aetatem
919 1321 1069 1377 nostram
1089 1311 1254 1390 tulerunt,

204 1422 353 1489 quornm
383 1408 494 1462 certae
526 1418 618 1462 nunc
650 1398 774 1462 classes
811 1398 973 1463 constitui
999 1403 1153 1486 possunt.
1196 1397 1257 1469 Es

203 1485 464 1575 antiquioribus
482 1485 617 1549 scholae
631 1484 889 1549 Alexandrinae
905 1486 1157 1550 commentariis
1173 1486 1253 1572 plu·

206 1576 318 1649 rima,
340 1573 490 1635 maxime
515 1569 625 1638 critici
646 1572 861 1658 argumenti,
884 1591 1036 1658 quaeque
1057 1571 1252 1637 doctrinam

207 1669 245 1732 et
271 1660 494 1722 litteraturam
517 1657 742 1722 Homericam
765 1666 937 1745 spectant,
962 1667 1092 1723 servata
1114 1669 1195 1724 sunt
1215 1658 1254 1724 in

209 1746 329 1809 codice
351 1743 484 1809 Veneto
526 1743 661 1834 rincipe
679 1744 1033 1831 etprae'stantissimo,
1052 1764 1154 1831 quem
1169 1744 1255 1808 Vit-

207 1831 378 1897 loisonius
396 1852 474 1894 cum
532 1832 642 1895 omeri
664 1829 785 1909 iliade,
808 1851 854 1896 ex
876 1832 996 1898 eodem
1029 1831 1105 1894 cod.
1126 1829 1257 1894 descri-

210 1929 287 2007 pta,
316 1918 375 1979 vul
399 1923 469 1982 avit
499 1916 654 1982 Venetiia
678 1919 771 2006 1788.
791 1917 906 1983 forma
926 1917 1089 1981 maxima.
1132 1915 1255 1982 Altera

210 2005 324 2069 classis
344 1940 577 2083 scholiorum,
599 2005 821 2091 antiquorum
843 2005 1002 2091 quidem,
1024 2002 1084 2068 sed
1101 2003 1174 2067 eins
1194 2022 1258 2089 gas

207 2092 322 2168 ueris,
344 2091 436 2177 quod
459 2097 496 2155 in
515 2088 769 2179 quaestionibus
789 2101 824 2156 et
832 2087 1118 2179 disputationibus
1135 2089 1257 2154 ethicis

237 2178 397 2266 raecipue
416 2188 450 2241 et
466 2176 645 2242 rhetoricis
668 2188 839 2254 versatur,
865 2184 997 2267 priore,
1018 2177 1117 2266 quod
1136 2177 1257 2257 nolles,

210 2200 439 2351 ibeuplctior,
471 2264 509 2330 in
531 2262 689 2353 pluribus
708 2275 819 2332 exstat
840 2265 1033 2343 codicibus,
1053 2268 1150 2329 utin
1183 2262 1258 2329 Va·

210 2363 294 2419 neto
326 2352 456 2429 altero,
488 2350 712 2419 Townleiano
746 2362 781 2415 et
811 2350 1039 2436 Wctoriano,
1067 2350 1258 2441 lipsiensi,

212 2437 401 2516 Leidensi,
433 2436 658 2528 Musquensi,
688 2439 772 2504 aliis.
819 2431 956 2504 Tertiae
977 2437 1109 2517 classis,
1142 2448 1175 2501 et
1195 2459 1259 2502 ex·

215 2523 317 2591 sonte
338 2524 474 2601 diverso
489 2523 605 2603 ducta,
628 2536 707 2590 sunt
725 2526 1010 2602 Scholioiuevio,
1035 2545 1119 2612 quae
1139 2523 1260 2626 Didy-

216 2612 285 2689 mi,
308 2608 534 2676 Grammatici
559 2609 772 2677 Aristarchei
797 2612 987 2678 doctissimi
1005 2623 1041 2676 et
1061 2609 1260 2676 laboriosis·

217 2698 307 2778 simi,
330 2699 483 2785 Augusti
492 2700 706 2787 temporibus
716 2696 880 2777 florentis,
896 2720 1025 2764 nomen
1035 2703 1261 2777 mentiuntur,

216 2796 252 2850 et
274 2786 399 2871 partim
422 2786 626 2866 verboram,
673 2786 775 2850 actim
798 2806 917 2851 rerum
937 2797 1039 2874 atque
1055 2784 1289 2874 mytborum.
1344 2800 1348 2814 ·

217 2870 337 2936 breves
364 2872 611 2958 expositiones,
630 2807 792 2960 piceaque
812 2876 914 2937 etiam
939 2894 983 2937 ex
993 2872 1125 2960 glossis
1149 2872 1262 2938 inter·

218 2958 429 3037 umoribus,
449 2960 641 3039 continent,
659 2960 794 3046 vulgata
837 2959 975 3039 rimam,
986 2959 1029 3024 ad
1038 2957 1178 3024 iliadem
1190 2958 1261 3039 ills,

216 3042 366 3117 Homeri
379 3055 541 3112 contextu
553 3068 624 3112 aon
641 3046 778 3125 addito,
795 2983 838 3111 ab
854 3047 907 3113 Ιο.
921 3047 1075 3114 Loscori
1084 3092 1093 3125 ,
1119 3042 1263 3126 Romae,

222 3132 315 3219 ¹5¹7·
337 3132 449 3197 forma
472 3155 581 3213 marc,
608 3134 707 3213 binc,
732 3156 802 3199 una
818 3143 901 3198 cumt
915 3132 1060 3197 Scholiis
1079 3131 1121 3195 ad
1142 3130 1262 3218 Odys·

216 3219 374 3301 seinai
386 3219 479 3285 Anto
492 3219 748 3302 Manutioinde
760 3220 858 3310 (1521
873 3220 1007 3288 sueni.
1021 3218 1052 3285 ll
1061 3217 1154 3284 Voll.
1166 3231 1264 3284 octo-

217 3302 458 3415 nis)influres
478 3308 772 3375 contextusHom.
783 3306 948 3373 editiones
958 3315 1155 3395 propagata.
1165 3304 1265 3369 Tan-

222 3391 301 3457 dem
324 3393 545 3458 bchotiorum
567 3397 782 3480 congeriem,
805 3416 823 3458 e
843 3392 1001 3482 pluribus
1027 3391 1201 3458 codicibus
1220 3413 1264 3456 o-

219 3499 342 3569 perose
369 3479 564 3560 collectam,
593 3482 753 3547 exhibuit
773 3478 1264 3575 Eustothius,Arcbiepisco-

221 3586 286 3653 pus
310 3565 641 3647 Thessalonicensis,
662 3570 753 3634 circa
776 3590 806 3632 a.
827 3566 920 3635 ιι6ο.
944 3567 1074 3646 clarus,
1098 3566 1155 3630 sed
1175 3586 1265 3652 quo·

223 3673 304 3717 rum
334 3655 484 3719 maxima
508 3678 587 3745 pars
608 3677 626 3720 e
644 3653 798 3720 fontibus
820 3676 944 3744 parum
976 3653 1123 3804 antiquis
1148 3651 1264 3730 ducta,

224 3737 517 3806 observationibus
535 3744 766 3829 grammaticis
788 3754 823 3807 et
847 3742 1030 3807 rhetoricis
1068 3759 1126 3804 ere
1148 3737 1265 3803 absol·

224 3826 526 3978 vitur,adscriq1tis
546 3829 721 3918 plurimis,
739 3839 814 3894 tum
829 3830 1061 3917 antiquiorum
1072 3827 1265 3915 poetarum,

225 3910 433 4001 inquorum
474 3917 605 3980 actione
627 3916 774 3980 multum
796 3926 949 3982 versatas
978 3924 1065 3993 erat,
1094 3924 1167 3978 tum
1196 3914 1267 3979 ime

250 4002 347 4066 rimis
366 4000 537 4068 Athenaei
555 4013 592 4081 et
609 4002 789 4070 Strabonis
805 4003 901 4068 locis.
924 4000 1106 4068 Praeterea
1125 3993 1268 4065 eScho·

247 4090 268 4104 ''
316 4075 583 4183 antiquioribus,
601 4102 742 4161 rocam
767 4091 979 4179 singidinum
1009 4101 1044 4155 et
1068 4088 1275 4167 dicu'onum,
