2942 4875
210 397 274 464 ite
380 387 765 456 conmemorans.
788 383 897 453 Zeno
914 386 1069 454 cruere

210 571 369 653 genium,
391 559 621 626 humanarum
635 582 750 626 rerum
766 571 996 642 contemtum,
1019 564 1123 624 animi
1140 559 1264 626 elatio·

211 659 261 720 ris
283 657 528 725 constantiam,
559 651 819 735 temperantiam
841 660 874 711 et
896 648 1145 732 frugalitatem,
1176 669 1262 734 pan-

213 739 342 805 cissimi
365 747 406 798 at
436 756 499 824 par
524 746 575 798 est
600 736 801 823 suspiciunt.
848 736 978 821 Scripta
1009 735 1081 797 eius
1102 756 1258 822 genuina,
1302 743 1307 750 “

212 848 324 918 pauca
350 844 514 896 numero,
544 823 765 887 interierunt:
797 843 873 884 nam
901 843 987 907 quae
1010 821 1073 884 sub
1095 821 1261 905 Diogenis

213 916 356 979 nomine
367 906 658 974 circumferuntur
670 904 991 997 EpistolanXVll
1010 909 1060 969 'in
1068 906 1263 995 Epistolor.

220 1002 389 1067 Graecnr.
409 995 700 1145 collectionibnag,
724 1015 878 1082 quaeque
895 996 932 1057 in
949 933 1058 1058 Codd.
1076 993 1186 1058 Paris.
1204 992 1268 1057 ad·

214 1085 285 1153 huo
306 1091 443 1150 exstent
460 1081 653 1146 ineditan
692 1078 739 1156 ll,
763 1079 932 1144 habentur
949 1081 1096 1167 aporiae.

286 1172 493 1258 Cynicorum
510 1179 643 1247 eutem,
676 1174 733 1253 qui
757 1167 903 1252 Diogeni
923 1188 1063 1254 operam
1088 1164 1266 1247 dederant,

216 1259 254 1327 in
276 1259 388 1343 aliquo
410 1275 553 1318 enumero
575 1264 610 1317 et
633 1256 763 1318 honore
792 1255 888 1318 luere
917 1254 1040 1317 Crates
1068 1249 1269 1330 Thebanus,

217 1357 253 1411 et
275 1343 478 1431 Menippus.
525 1340 669 1406 Cratetis
691 1343 845 1426 quidem,
879 1340 975 1403 cuius
1003 1340 1104 1426 plura
1130 1340 1268 1424 scripta,

217 1434 320 1497 etiam
340 1431 487 1514 poetica,
519 1427 703 1492 laudantur
731 1449 750 1490 a
775 1427 931 1513 Diogene
956 1427 1096 1489 Laertio
1122 1425 1266 1510 aliisque

219 1512 604 1607 (Vid.Fab1·ic.ttarles.
621 1514 698 1578 Vol.
709 1512 768 1578 lll.
779 1516 924 1601 pem),
946 1513 1076 1600 dictum
1093 1512 1268 1599 quoddam

219 1620 360 1671 scritum
383 1603 512 1666 Seneca
533 1598 638 1665 refert
656 1599 720 1686 Ep.
734 1600 781 1667 Χ.
799 1625 825 1666 ι.
864 1602 983 1682 Quum
1011 1602 1102 1662 enim
1131 1599 1268 1662 vidisset

221 1692 471 1756 adolescentem
491 1700 620 1752 secreto
649 1689 902 1766 ambulantem,
935 1688 1164 1769 interrogasse
1187 1707 1267 1749 eum

220 1777 349 1884 sepior,
372 1773 453 1862 quid
473 1772 545 1837 illio
567 1775 658 1838 solus
676 1772 824 1839 faceret?
849 1772 914 1838 Cui
933 1774 1171 1860 respondenti,
1193 1793 1268 1835 me·

221 1885 301 1928 cum
321 1863 464 1949 loquor;
486 1857 614 1938 „Cave,
637 1861 764 1947 inquit,
785 1880 889 1945 rogo,
912 1872 945 1923 et
959 1859 1140 1945 diligenter
1156 1869 1268 1923 atten-

129 1997 134 2000 -
220 1954 285 2030 de3
307 1971 349 2013 ne
368 1967 446 2010 curn
463 1946 604 2011 homine
624 1949 715 2010 malo
735 1946 970 2032 loquaris.“-
992 1950 1162 2018 Alterius,
1186 1944 1269 2010 Mc·

119 2041 123 2050 ’
221 2037 342 2127 nippi,
372 2031 564 2097 cuieadenr
589 2053 629 2096 ae
656 2035 816 2120 Diogeni,
850 2035 1028 2118 magistro,
1061 2047 1098 2095 ut
1124 2033 1270 2111 ridetur,

223 2148 305 2200 suo,
327 2119 394 2185 fuit
413 2120 538 2205 patria,
567 2119 760 2182 celebratur
778 2120 954 2203 ingenium
977 2120 1103 2185 salibus
1123 2128 1157 2182 et
1176 2117 1271 2182 sace·

222 2212 280 2274 tiis
301 2219 434 2293 aptum,
468 2206 705 2292 scribendique
734 2227 840 2291 genus
868 2210 1142 2292 onovdosaloaor,
1177 2204 1268 2290 quod

221 2296 261 2364 in
279 2297 398 2360 Satiris
415 2293 606 2379 proditum,
630 2315 730 2381 proso
749 2293 886 2380 quidem
900 2301 1068 2373 oratione,
1086 2293 1270 2370 sedereni-

251 2405 316 2446 eno
334 2379 485 2455 carmine
504 2379 659 2445 distincta
682 2391 783 2465 atque
801 2382 951 2467 expolita
967 2382 1129 2456 conditis,
1151 2398 1272 2442 aemu-

225 2406 312 2537 fetns
333 2478 384 2531 est
407 2467 441 2529 in
464 2473 532 2549 spis
557 2467 687 2531 Satiris
707 2467 757 2532 M.
785 2466 968 2533 Terentius
992 2469 1032 2533 V
1028 2490 1110 2534 arro
1138 2462 1271 2528 Roma-

225 2579 309 2631 nus,
332 2575 415 2641 quas
435 2551 516 2647 hinc
537 2555 610 2640 ipae
632 2554 815 2651 appellavit
834 2552 1059 2642 Menippeas,
1082 2560 1165 2617 teste
1187 2550 1272 2618 Get·

224 2644 274 2710 tio
299 2640 342 2706 ll.
361 2640 410 2706 18.
428 2650 462 2702 et
476 2638 663 2707 Moerodro
681 2638 850 2704 Saturnal
868 2638 894 2704 l.
910 2663 960 2706 ri.

700 2810 727 2903 l·
752 2832 804 2901 7²·

292 2985 323 3052 Ε
347 2983 553 3061 Cynicorum
574 2993 663 3048 secta
686 2980 978 3066 originemdnxit
999 2981 1129 3063 Stoico,
1149 3007 1167 3050 a
1184 3007 1271 3073 poc-

229 3075 295 3142 eile
328 3073 413 3137 Stoa
444 3072 513 3135 aire
532 3072 678 3223 porticu
704 3068 921 3134 Athenarum
945 3074 1129 3157 appellata,
1171 3092 1274 3158 qoam

229 3159 385 3247 condidit
406 3157 505 3222 Zeno
553 3158 665 3222 'a'tr'eua
691 3156 819 3236 dictus,
855 3158 946 3242 quod
976 3158 1111 3223 Citium
1133 3158 1213 3222 urbs
1236 3159 1273 3221 iu

232 3248 354 3336 Cypro
374 3245 485 3307 insula
506 3251 578 3308 eius
600 3245 705 3330 patrie
724 3243 799 3306 luit
830 3242 861 3307 la
877 3241 995 3306 floruit
1014 3242 1070 3306 Ol.
1084 3243 1229 3308 CXXV.
1242 3262 1272 3310 α.

231 3346 309 3400 ente
322 3332 448 3397 Christ.
462 3351 535 3419 279.
552 3333 835 3416 magistrumque,
859 3340 990 3416 praeter
1009 3331 1108 3407 alios,
1133 3329 1275 3396 habuis-

230 3444 266 3486 se
293 3422 403 3485 fertur
429 3418 624 3505 Stilponem
645 3414 889 3505 philosophum
913 3417 1158 3505 Megarenaem
1187 3416 1276 3479 cele·

230 3507 438 3582 berrimum,
475 3506 516 3566 de
538 3526 605 3588 quo
626 3504 702 3567 ride
712 3504 860 3588 Diogen.
872 3498 1045 3567 Laerlll.
1062 3507 1132 3569 115.
1156 3504 1275 3566 Senes.

227 3594 295 3681 Ep.
310 3590 372 3656 IX.
389 3613 414 3658 r.
439 3590 490 3653 De
503 3588 620 3657 Cenat.
633 3592 710 3676 Sap.
727 3590 769 3654 V.
778 3590 808 3654 ὅ.
832 3588 1011 3654 chFabn'c.
1027 3589 1104 3655 Vol.
1116 3588 1158 3655 ll.
1172 3584 1277 3678 p.7'19

231 3703 281 3767 aq.
300 3678 361 3763 lll.
382 3681 500 3766 patiar.
535 3674 683 3740 Omnem
709 3674 965 3760 Philosophiam
987 3696 1067 3740 cum
1090 3677 1275 3742 Aristotele

230 3782 266 3831 ct
280 3766 480 3830 'Xenocrate
499 3762 535 3826 in
554 3777 623 3827 tres
645 3773 757 3850 partes
780 3763 967 3827 distribuit:
997 3765 1172 3849 Logicam
1195 3782 1276 3826 cum

233 3853 455 3929 Dialectico,
500 3849 669 3915 Bellicam
698 3849 769 3913 sive
799 3870 936 3914 moram
967 3850 1201 3935 disciplinam,
1243 3856 1278 3912 et

232 3939 429 4027 Plryncom.
476 3935 621 4002 Etlticca
643 3936 840 4001 Stoicorum
865 3958 998 4001 summa
1029 3936 1118 4022 apud
1148 3948 1277 4000 veteres

233 4028 414 4090 auctoritas
446 4020 528 4102 fuit,
560 4035 594 4087 et
626 4023 791 4086 Romanis
815 4025 997 4112 praecipue
1025 4022 1163 4111 placuit.
1208 4021 1276 4087 Sed

233 4122 370 4203 tempus
389 4110 516 4178 delerit
533 4108 637 4177 libros
654 4110 807 4198 integros
822 4112 973 4176 Zenonis
989 4120 1024 4174 at
1040 4130 1275 4176 successorum
