2942 4875
469 414 1009 485 Annocrnas.Lrs1ss
1198 407 1262 480 283

215 590 311 658 davit
320 597 355 654 at
373 589 472 655 (locta
489 588 667 655 illustravit
686 587 796 653 lama
822 586 906 654 Otto
938 587 1112 654 Stsissrns
1130 583 1165 648 in
1185 585 1261 651 Le⁴

176 681 180 688 ’
217 676 390 745 ctionibus
422 675 651 752 Andociden,
681 673 796 758 Lugd.
815 674 887 738 Bat.
909 674 1041 742 isone.
1076 672 1263 761 praemissa

216 760 455 853 (Caph-V.)
477 762 614 847 copiosa
631 772 666 824 et
688 763 817 825 erudita
840 779 885 825 ex
912 760 1068 823 licatione
1090 759 1261 842 degente,

217 850 421 928 maioribus,
453 847 495 912 de
526 850 592 913 vita
620 846 786 934 factisque
817 782 1025 922 Auilooidis,
1058 845 1202 910 oratoris
1224 845 1262 907 iu

216 935 334 1000 decem
352 935 417 999 illia
438 935 563 1001 Atticis
582 933 671 998 haud
695 933 888 1021 praecipui,
909 929 1060 997 sensere
1085 931 1263 1018 postremi,

218 1023 315 1087 cuius
332 1022 452 1088 Cicero
475 1021 604 1086 nullam
625 1018 706 1085 fecit
734 1020 961 1096 mentionem,
982 1019 1041 1083 alii
1069 1019 1205 1089 leviter,
1227 1026 1262 1082 et

216 1105 288 1175 fere
316 1129 395 1173 cum
412 1117 596 1174 contemtu.
622 1103 820 1188 V.Quintil.
833 1106 913 1173 xil.
932 1123 979 1169 ιο.
993 1127 1045 1173 21.
1066 1105 1262 1184 Hermoge-

217 1215 277 1260 nes
293 1193 335 1258 ile
352 1193 379 1263 F
381 1215 468 1260 orm.
483 1216 516 1281 p.
527 1202 603 1260 50¹.
623 1191 758 1259 Herod.
776 1196 848 1259 Att.
861 1216 914 1281 ap.
935 1190 1096 1257 Philostr.
1114 1192 1183 1255 Vit.
1195 1191 1263 1254 So-

243 1280 415 1347 histll.1.
434 1285 483 1347 it.
516 1301 665 1368 quorum
698 1280 788 1343 dicta
816 1289 1036 1366 apponuntur
1065 1300 1083 1344 a
1111 1278 1267 1342 Sluitero

215 1304 1265 1535 lietu‘stitaliilitutautuultul

218 1537 333 1610 LVll.
363 1550 398 1602 et
424 1535 713 1627 Wyttcnbncltius
735 1539 772 1602 iu
792 1536 872 1602 libri
891 1537 1086 1624 Sluiteriani
1110 1536 1265 1602 Censura

217 1623 303 1689 Bitu
327 1620 413 1687 erit.
435 1622 473 1687 P.
484 1620 547 1687 xl.
561 1646 594 1711 p.
609 1625 729 1713 75sqq.
764 1641 766 1646 ’

283 1707 441 1796 Vtroque
461 1707 586 1773 clarior
606 1709 750 1794 Lusias,
773 1730 922 1799 „quam,
944 1707 1109 1773 Cicerone
1139 1706 1264 1790 indice,

218 1797 294 1860 iam
312 1815 421 1884 prope
438 1793 570 1861 nudem
592 1805 768 1863 oratorem
778 1794 973 1895 perficium
990 1795 1146 1867 dicers,’'
1169 1815 1265 1879 apa-

218 1889 270 1945 tra
287 1882 503 1968 Syracusano
525 1891 700 1967 susceptus
717 1880 862 1946 Athenis
880 1878 936 1946 Ol.
950 1879 1107 1947 LXXX.
1119 1900 1148 1945 a.
1165 1890 1265 1944 octo·

218 1968 376 2053 genarius
391 1965 518 2042 ibidem
528 1964 651 2033 obiisse
669 1969 795 2033 dicitur
811 1964 868 2033 Ol.
883 1967 921 2033 C.
931 1987 960 2032 a.
973 1987 1002 2030 a.
1015 1965 1080 2032 Ch.
1090 1971 1163 2054 379.
1185 1966 1265 2031 Ad-

218 2054 362 2119 modum
380 2056 514 2119 iuvenis
533 2053 819 2133 Atheniensibus,
839 2055 1008 2119 coloniam
1035 2052 1206 2119 Titurium
1224 2057 1266 2117 iu

217 2139 349 2205 ltaliam
373 2138 572 2207 inferiorem
595 2141 808 2217 deducturis,
831 2141 886 2205 cui
911 2146 1014 2205 etiam
1041 2139 1266 2212 Herodotum
1334 2215 1336 2218 ⁸

215 2224 411 2292 interfuisse
438 2226 586 2292 vidimus
618 2229 761 2316 Mt),
784 2247 821 2293 se
847 2227 1019 2304 adiunxit,
1043 2228 1077 2288 in
1105 2244 1265 2312 novaque

216 2313 303 2377 urbe
322 2314 408 2378 duos
425 2323 460 2377 st
473 2315 611 2398 triginta
629 2336 737 2379 annos
755 2324 1004 2390 commoratus,
1026 2332 1133 2399 quum
1148 2308 1264 2376 Athe-

216 2400 388 2465 niensium
407 2401 524 2486 copioe
540 2399 576 2463 in
596 2395 709 2465 Sicilia
725 2398 856 2487 ingenti
872 2398 967 2464 clade
985 2406 1097 2463 essent
1113 2396 1265 2479 afflictae,

176 2527 184 2536 ·
216 2485 372 2552 Athenas
393 2485 531 2572 repetiit
554 2482 778 2555 01.Xclt.1.
811 2486 959 2551 Patriam
980 2488 1094 2550 denuo
1110 2486 1265 2549 relictam

218 2572 282 2636 sub
302 2568 416 2638 XXX
432 2582 661 2656 tyrannorum
679 2574 926 2652 dominatione,
944 2593 1023 2636 cum
1042 2569 1263 2659 Thrasybulo

215 2657 347 2738 revisit,
368 2655 483 2746 ibique
503 2659 567 2724 reli
592 2680 672 2723 uam
692 2665 781 2726 ritae
804 2671 934 2746 partem
958 2659 1107 2744 privatus
1138 2659 1263 2741 exegit.

215 2743 340 2821 Artem
354 2743 489 2809 (licendi
508 2681 697 2832 prohasua,
719 2746 804 2812 aliis
820 2749 956 2832 scripsit
971 2746 1159 2818 orationes,
1180 2742 1264 2808 sut-

206 2830 359 2899 iititotis
374 2843 408 2896 et
427 2832 625 2920 elegantias
645 2831 746 2897 laude
775 2833 923 2897 maxime
947 2838 1149 2916 conspicuas
1172 2828 1265 2920 (Cic.

215 2914 310 2984 Brut
323 2938 352 2981 c.
364 2939 396 3007 9.
413 2938 461 2983 ια.
477 2921 556 3001 in),
578 2939 724 3006 querum
742 2920 896 3004 triginta
912 2928 1077 3008 quatuor,
1100 2939 1118 2979 e
1135 2922 1265 2989 ducens

215 3003 259 3068 tis
290 3005 428 3091 triginta
460 3004 607 3091 amplius
635 3026 722 3094 quaa
752 3006 835 3071 olim
865 3009 1028 3091 genuinae
1056 3003 1265 3083 ferebantur,

217 3086 278 3155 scil
296 3111 343 3153 ue
374 3090 437 3154 hae
458 3090 596 3179 quidem
631 3094 709 3156 satis
737 3092 910 3178 integrae,
932 3102 1134 3176 supersunt,
1157 3110 1266 3176 quum
1351 3170 1353 3177 χ

215 3171 269 3241 nd
308 3175 450 3264 apuliam
469 3177 632 3252 directae,
654 3198 808 3279 egeuere
822 3177 1105 3249 demonstrativo,
1127 3185 1200 3240 tum
1216 3174 1267 3244 sd

214 3260 262 3327 Iu
287 3262 416 3327 icario
441 3269 549 3328 causis
569 3261 711 3350 publicis
732 3274 833 3350 atque
855 3265 1005 3350 privatis.
1052 3262 1182 3329 Peioris
1204 3283 1265 3346 ge-

214 3347 307 3412 neris
337 3357 388 3410 est
411 3344 564 3433 Λόγος
591 3346 867 3440 Ἐπιτάφιος
888 3348 1051 3434 (XXXI.)
1075 3352 1145 3417 sive
1172 3344 1266 3414 Ora·

212 3434 265 3499 tio
285 3432 446 3519 funebris
467 3436 504 3498 in
524 3435 791 3501 Atheniensium
813 3438 1033 3515 memoriam,
1057 3435 1112 3521 qui
1137 3433 1266 3498 Corin-

213 3520 296 3584 thiis
317 3521 353 3583 in
379 3519 466 3585 bello
494 3532 614 3586 contra
635 3521 946 3598 Lacaedemouios,
970 3522 1150 3611 Iphicrate
1169 3522 1267 3602 duce,

214 3606 312 3670 missi
323 3605 452 3670 auxilio
464 3603 520 3671 Ol.
530 3606 662 3675 XCVI.
674 3609 705 3674 3.
722 3609 759 3674 in
770 3611 903 3694 proelio
921 3609 1161 3686 occubuerant,
1179 3629 1267 3692 ger-

215 3693 351 3758 manice
379 3713 544 3759 conversa
580 3694 683 3762 aFr.
702 3694 895 3785 Schlegclio
920 3697 956 3760 in
987 3695 1111 3761 Museo
1144 3693 1264 3765 Attico

214 3775 259 3841 T.
271 3778 296 3843 l.
308 3777 400 3843 Part
414 3804 446 3846 a.
466 3779 520 3846 De
534 3802 599 3867 qua
621 3784 778 3864 oratione
798 3781 923 3867 tt‘otfii
937 3786 976 3847 ad
992 3782 1043 3854 Le
1049 3782 1133 3869 ptiu.
1145 3801 1181 3880 p,
1190 3778 1264 3850 36³,
1306 3845 1311 3852 .

214 3866 319 3931 verbs
341 3887 515 3955 apponere
542 3874 650 3933 iuvat:
684 3915 704 3949 „
716 3866 858 3932 Restant
880 3867 980 3933 eham
1004 3888 1113 3946 nitito,
1143 3867 1264 3952 inquit,

170 3956 177 3966 ’
211 3949 296 4016 tales
316 3953 500 4019 conciones
522 3975 568 4020 ex
587 3952 786 4041 antiquitate
806 3966 970 4041 quatuor,
995 3953 1134 4019 Periclis
1162 3953 1265 4015 ‘t‘nu-
1391 4008 1397 4020 .

212 4035 348 4122 cydidei
371 4036 516 4129 (thet),
541 4041 693 4105 Platonis
722 4043 757 4105 in
781 4040 998 4118 Menexono,
1022 4040 1069 4124 L}
1079 4041 1213 4139 sineque
1228 4049 1264 4104 at

210 4120 463 4199 Demosthenis.
506 4128 559 4194 At
588 4125 693 4211 huius
711 4130 882 4217 postremi
902 4148 987 4216 quae
1007 4125 1109 4201 hodie
1132 4135 1269 4218 prostat
