2942 4875
589 424 1012 490 Hennaeos-
1239 422 1309 511 JQ

250 618 326 666 rem
350 595 461 661 acui.
480 596 587 663 Maia
611 597 735 662 editam
754 617 826 661 esse
844 597 948 687 paulo
972 605 1049 662 ants
1070 596 1230 672 diximus,
1251 602 1307 659 iu-

249 696 383 772 tegrem
400 681 485 770 legi,
507 685 599 748 idem
618 684 834 749 doctissimus
858 687 969 750 editor
981 693 1182 750 testatur.-
1202 683 1306 746 Plena

251 779 409 837 omnium
438 772 635 835 orationum
658 772 760 846 isaei,
789 772 906 859 quales
929 793 1022 849 nunc
1055 770 1247 859 Tyrwltitti
1273 780 1307 832 et

251 859 385 945 Angeli
411 857 512 923 Maii
543 859 662 922 studiis
692 868 809 922 auctae
835 859 1016 945 leguntur,
1047 858 1150 921 editio
1180 858 1307 942 prodiit

251 944 448 1032 nuperrime
465 967 518 1036 ap.
542 944 747 1013 'l'auchnitz.
771 947 908 1032 Lipsiae
929 945 1023 1012 1820.
1039 964 1087 1009 aa.
1101 986 1144 1000 -
1156 944 1307 1033 Anglice

249 1034 353 1096 vestit
375 1029 459 1116 isaei
485 1034 678 1111 orationes,
701 1054 849 1120 cumque
874 1037 1139 1109 commentario,
1162 1029 1305 1116 quoius

248 1124 392 1183 atticum
415 1119 661 1184 hereditarium
686 1115 868 1210 praecipue
886 1119 1090 1198 illustratur,
1113 1117 1221 1183 edidit
1242 1116 1305 1182 W.

251 1204 355 1271 Iones
374 1203 544 1271 Oxoniae'
559 1228 651 1295 ¹779·
663 1209 693 1269 lt.

375 1315 520 1380 surges,
543 1293 690 1358 Athenis
712 1289 856 1356 enobiii
873 1312 998 1378 genere
1029 1302 1146 1372 ortua,
1169 1289 1305 1354 circiter

251 1375 310 1444 Oi.
359 1376 464 1457 Otii,
488 1380 624 1467 philoao
649 1379 726 1444 hiae
747 1391 782 1442 et
801 1379 1012 1465 eloquentiae
1027 1379 1164 1455 stadiis,
1186 1375 1305 1442 Pleto—
1352 1391 1355 1396 ·

216 1525 218 1534 ,
249 1465 305 1528 nis
322 1474 356 1529 at
376 1466 536 1531 isocratis
559 1478 610 1530 tra
636 1488 695 1530 ens
713 1488 749 1530 se
766 1466 979 1551 discipliuae,
1001 1464 1202 1540 innutritus,
1224 1484 1305 1550 gra·

219 1557 225 1580 ¹
250 1551 390 1616 vissima
408 1551 444 1615 iu
458 1573 531 1638 rep.
547 1551 815 1620 Atheniensium
830 1573 972 1620 munera
992 1551 1210 1635 integerrime
1227 1571 1305 1635 ges-

251 1638 292 1702 sit
319 1634 407 1714 fide,
439 1639 535 1722 cuius
565 1641 699 1724 insigne
731 1640 975 1703 documentum
989 1636 1169 1714 habetur,
1202 1637 1304 1722 quod,

171 1784 181 1798 ,
253 1741 363 1820 qssum
378 1724 510 1789 aerario
526 1747 590 1814 per
601 1725 784 1790 duodecim
796 1727 850 1790 vel
866 1716 1061 1812 quindecim
1081 1743 1188 1788 annos
1204 1744 1306 1812 prae·
1333 1727 1336 1736 '

134 1829 137 1844 ·
250 1807 390 1886 inisset,
413 1811 541 1876 reditus
555 1809 698 1877 civitatis
709 1815 750 1876 ad
760 1811 860 1876 MCC
876 1805 1043 1876 talentism
1065 1811 1202 1874 auxisse
1224 1821 1306 1871 narn

237 1903 357 1972 ratur,
380 1917 487 1983 quum
503 1901 598 1985 prius
615 1897 760 1964 inissent
771 1895 846 1964 LX.
861 1894 1250 1963 V.Pseudo·Pintarch.
1267 1896 1305 1960 in

227 2057 231 2070 ¹
250 1981 344 2047 Vitia
354 1983 402 2048 X.
415 1982 552 2050 Orator.
574 1969 617 2049 Τ.
630 1984 671 2050 ΙΙ.
684 2008 714 2072 ρ.
726 1986 837 2051 tastis
861 1985 903 2058 ci.
923 1981 1129 2075 Wolfiua'in
1147 1981 1303 2066 Prolegg.

249 2065 292 2132 ad
312 2068 488 2134 Demosth.
503 2073 576 2136 adv.
597 2072 697 2161 Lept.
734 2083 749 2136 “.
762 2071 839 2137 LX.
864 2071 954 2137 Cum
974 2071 1228 2146 Demosthene,
1249 2068 1305 2132 fa·

247 2152 377 2220 miliari
405 2178 486 2235 suo,
518 2169 551 2223 et
575 2095 753 2245 Hyperide
780 2158 942 2246 Phiiippo
967 2158 1168 2236 Macedoni,
1190 2156 1305 2220 Athe·

247 2242 420 2306 niensium
440 2244 587 2310 libertati
600 2246 791 2322 insidienti,
808 2248 943 2310 tortiter
959 2243 1104 2320 obstitit,
1125 2253 1159 2308 et
1174 2244 1303 2308 civium

246 2327 490 2417 improborum
517 2332 656 2408 delicta,
688 2339 825 2416 ignavia
849 2341 909 2396 aut
934 2332 1120 2417 pervicacia
1145 2331 1303 2418 admissa,

246 2415 457 2503 implacabiii
492 2415 572 2482 odio
601 2440 643 2483 ac
670 2420 846 2484 severitate
879 2421 1060 2484 insectatus
1087 2401 1139 2482 e'st
1171 2427 1304 2499 oratoru

249 2520 321 2589 quo
339 2504 502 2568 meruisse
523 2500 694 2592 putandus
713 2517 779 2583 eat,
802 2515 924 2570 utnon
940 2507 1037 2569 vivus
1054 2512 1187 2568 tantum
1207 2522 1304 2567 sum·

249 2591 419 2654 tna·inter
440 2613 485 2676 po
513 2592 625 2655 ulares
643 2590 733 2657 fama
757 2603 790 2657 et
810 2594 1010 2657 anctoritate
1030 2587 1214 2668 frueretur,
1234 2591 1305 2667 sed,

249 2685 435 2827 postquam
459 2612 514 2742 Oh
525 2676 650 2742 CXlil.
674 2680 811 2743 circiter
828 2679 1012 2743 admodum
1029 2696 1136 2743 senex
1153 2677 1221 2740 vita
1242 2676 1304 2740 de·

267 2774 390 2827 unctus
407 2776 513 2843 esset,
535 2777 672 2830 mortuo
688 2776 817 2830 statuae
833 2765 869 2829 iu
891 2764 1070 2829 Ceramico
1088 2782 1211 2829 aeneae
1228 2763 1305 2826 aiii·

250 2870 316 2936 qne
337 2852 464 2915 summi
481 2852 632 2916 honores
649 2851 739 2916 haud
757 2853 865 2917 mnito
888 2862 966 2939 post
985 2850 1164 2940 plebiscito
1185 2849 1305 2913 decer·

247 2947 424 3002 necentur.
472 2937 666 3004 Vehemens
691 2948 811 3004 orator
826 2937 906 3017 fuit,
929 2940 1034 3004 animi
1058 2936 1304 3002 affectusintia

248 3038 328 3087 moa
359 3025 533 3089 verissime
553 3027 716 3113 prodens,
749 3035 784 3090 et
805 3027 1010 3090 elocutionis
1033 3028 1199 3112 gravitate
1217 3024 1304 3088 insi·

249 3109 381 3194 gnisst)
410 3112 622 3196 Quindecim
644 3113 717 3178 eius
734 3114 906 3181 orationes
931 3110 1044 3176 Photii
1068 3114 1168 3175 etiam
1196 3120 1303 3176 aetate

249 3195 459 3281 legebantur.
513 3197 594 3264 Una
609 3208 744 3265 tantum
767 3208 897 3264 servata
914 3207 980 3274 est,
1003 3209 1127 3264 contro
1146 3199 1304 3263 Leonam

250 3293 323 3350 tem
352 3282 619 3365 Atheniensem,
651 3287 710 3377 qui
733 3303 810 3373 post
837 3285 969 3349 cladem
990 3285 1031 3349 ad
1054 3283 1303 3359 Chaeroneam,

250 3369 374 3458 spretis
400 3390 484 3456 qnae
509 3371 547 3435 id
576 3383 731 3440 vetarent
764 3370 917 3459 legibus,
950 3372 1072 3436 urbem
1097 3372 1303 3460 reliquerata

248 3536 670 3565 m

287 3626 312 3697 ²)
329 3627 425 3680 Iudicii
439 3627 517 3682 huius
532 3632 627 3683 veritas
643 3632 764 3684 mansan
781 3633 825 3685 vei
845 3633 981 3699 praeatum
999 3631 1124 3682 erationis
1142 3629 1257 3697 Lycurgi
1274 3628 1302 3681 ie

315 3696 467 3763 lyeiclem,
483 3716 536 3765 qno
550 3697 753 3755 Atheniensium
767 3699 836 3751 duee
852 3712 997 3766 papatum
1011 3712 1052 3751 est
1065 3699 1099 3748 sd
1113 3696 1302 3759 Chaeroneam,

317 3766 479 3826 fragmento,
497 3762 568 3831 qnod
586 3768 698 3817 servavit
711 3764 847 3818 Diodorus
865 3764 1052 3818 stexvtet.
1070 3801 1087 3826 „
1097 3764 1181 3821 Beth,
1206 3763 1302 3827 inquit,

316 3832 490 3896 „praefectus
506 3833 593 3894 inisti,
611 3853 627 3883 o
641 3833 774 3902 Lysieies,
791 3851 925 3900 quumque
941 3835 1041 3885 civium
1059 3832 1146 3883 miliia
1162 3828 1300 3880 occubue-

317 3900 410 3962 ‚‚rint,
428 3897 468 3948 bis
483 3900 560 3949 mille
580 3902 649 3966 capti
673 3900 787 3962 inerint,
804 3914 942 3966 monacum
963 3900 996 3950 de
1016 3898 1082 3950 urbe
1100 3898 1147 3947 hac
1170 3903 1304 3948 constitn-

316 3979 400 4029 „tnm
414 3966 462 4028 sit,
479 3968 614 4017 universae
627 3965 755 4019 Graeciae
773 3968 866 4035 iugum
881 3967 1016 4017 servitutis
1034 3968 1175 4026 iniectum,
1194 3976 1221 4014 et
1239 3964 1302 4014 haec

316 4068 334 4095 ‚,
344 4044 415 4083 tanta
427 4036 496 4085 mala
516 4046 543 4085 te
562 4032 630 4085 duce
648 4047 674 4085 et
686 4048 807 4102 praetore
826 4033 982 4085 acciderint:
998 4034 1087 4084 vivere
1103 4045 1191 4082 umen
1215 4030 1303 4094 andes,

317 4134 335 4162 .,
345 4099 467 4165 Solisque
481 4099 533 4152 hoc
546 4099 622 4151 iubar
639 4102 751 4163 intueri,
769 4104 797 4151 io
810 4102 951 4166 immersa
965 4098 1086 4168 pedire,
1102 4098 1207 4149 scilieet
1218 4096 1303 4147 dede-

313 4167 407 4230 „coris
414 4178 492 4235 atque
500 4167 636 4240 opprobrii
643 4168 956 4236 nunqnanintcritnrum
963 4179 1167 4220 monumentum
1175 4163 1301 4235 paene?
