2942 4875
420 393 600 457 Puorrrs.
638 390 850 457 cissrsuvs
874 392 1013 458 Bussrs
1171 409 1237 479 229

186 542 375 609 tonitribus
404 544 443 608 in
464 543 538 608 dies
557 543 713 632 singulas
738 538 885 633 Ἔφήμε
912 565 960 619 ος
985 543 1238 631 βροντοσκο-

185 632 280 707 ssia,
303 651 347 693 ex
370 650 472 715 opere
489 629 615 693 Latino
641 630 680 694 P.
702 629 852 718 Nigidii
907 630 1014 716 igeti,
1039 630 1104 693 viri
1126 639 1236 692 estre-

187 715 297 800 logica
319 716 460 780 scientie
481 715 571 781 inter
595 716 769 780 Romanos
793 716 969 780 Ciceronis
990 725 1096 779 estate
1118 712 1234 779 excel-

187 802 309 881 lentis,
353 825 373 865 a
405 802 605 866 Laurentio
628 803 659 866 1.
685 803 729 866 do
767 803 804 867 in
827 802 1000 866 Graecum
1038 821 1260 865 sermonem

187 887 409 967 translatum,
441 898 474 952 et
502 889 626 953 elane
651 825 863 977 dutgsrsie,
896 907 962 949 una
995 906 1073 951 nam
1100 887 1233 973 Nigidii

187 974 298 1060 figuti
318 970 550 1060 fragmentis,
583 972 713 1038 Graece
736 976 795 1041 vul
822 985 914 1039 etum
947 975 983 1037 in
1006 974 1087 1038 Ver.
1120 973 1236 1038 Lecti.

186 1083 220 1147 p.
235 1060 415 1146 iay-260.
445 1060 500 1126 cf.
517 1060 648 1137 Febris.
669 1061 707 1125 B.
721 1059 784 1125 Gr.
798 996 870 1135 iv.
897 1083 932 1146 p.
960 1056 1030 1124 156.
1051 1058 1099 1125 X.
1123 1080 1155 1144 p.
1168 1079 1234 1149 729

184 1145 341 1226 flectes,-
373 1148 518 1211 aiterum
548 1147 590 1212 de
612 1160 726 1212 terrae
750 1146 899 1211 motibus
922 1148 996 1233 cepi
1018 1145 1181 1229 σεισμῶν,
1215 1167 1235 1211 e

158 1224 270 1299 'Nic
295 1232 453 1299 Sclrcwio
475 1255 545 1298 uua
574 1253 654 1297 cum
676 1232 769 1319 Lydi
785 1232 952 1320 opiasculo
975 1233 1018 1297 de
1036 1230 1234 1310 Mercibus,

138 1328 145 1337 '
185 1318 324 1405 Lipsiae
356 1328 449 1408 1794.
472 1322 522 1402 8.;
555 1318 623 1384 duo
647 1318 729 1396 elie,
766 1317 1015 1383 calendarium
1042 1325 1075 1378 et
1099 1316 1157 1381 De
1179 1329 1236 1382 te·
1323 1304 1327 1328 ¹

185 1405 339 1469 nitriiaus
371 1409 446 1491 saepi
471 1405 637 1491 βροντῶν,
676 1403 769 1490 quod
796 1404 917 1480 eciem,
956 1401 1065 1466 adhuc
1097 1401 1234 1486 inedita,

188 1488 322 1650 gigni,
361 1491 424 1555 riri
451 1490 696 1570 eruditissimi,
734 1510 837 1579 opere
867 1499 1008 1555 staura
1042 1487 1155 1561 iucem
1182 1489 1235 1555 ri-

220 1597 236 1639 e
263 1586 341 1640 unt.
1262 1596 1264 1599 ·

631 1752 756 1843 §Cara

252 1916 437 1987 Trecentis
467 1922 566 1986 sanis
588 1934 666 2009 post
687 1923 805 1989 floruit
828 1922 997 1997 Plautian,
1031 1921 1085 1986 vir
1106 1921 1234 1987 iudicis

192 2008 353 2096 omnique
372 2008 524 2073 doctrine
541 2022 733 2095 praestans,
757 2016 959 2098 praeceptor
971 2008 1098 2073 Leonis
1110 2007 1236 2073 vrsa-

189 2097 330 2190 pientis,
353 2093 541 2180 patriarche
555 2094 762 2162 CPoiitanus
776 2096 818 2160 eb
834 2117 863 2159 a.
876 2098 967 2181 857„
990 2095 1048 2180 qui
1064 2094 1233 2173 librarum

191 2184 264 2246 sire
286 2181 443 2244 codicum
455 2180 663 2247 CCLXXX
674 2204 760 2269 qnos
782 2183 909 2267 legeret
924 2190 1082 2266 excerpta
1106 2191 1233 2246 etcen'-

192 2287 307 2331 sarem
338 2268 373 2329 in
396 2286 498 2352 opere
527 2268 719 2351 praeclaro,
763 2269 927 2352 nobisque
955 2285 1055 2350 ssepe
1084 2265 1231 2350 laudato,

191 2352 284 2439 quod
309 2352 599 2443 Μυριοβίβλον
621 2376 681 2429 seu
699 2354 920 2420 Bibliotheca
941 2352 1154 2430 inscribitur,
1176 2377 1232 2419 re-

189 2439 300 2526 liquit.
334 2439 605 2525 Descriptioaem
630 2441 708 2505 libri
730 2450 937 2519 accuratam,
960 2449 994 2502 et
1013 2442 1254 2522 scriptorum,¹

193 2547 354 2612 magnam
375 2535 507 2627 partem
530 2526 805 2613 deperditarum,
839 2547 923 2613 quos
940 2528 1128 2612 excerpsit,
1153 2548 1234 2591 cen-

191 2609 1233 2785 eeirretiti-efreni·trienniis.

189 2785 328 2850 Vindel.
344 2788 421 2852 1601
435 2782 512 2864 fot,
536 2808 621 2873 quse
643 2788 746 2850 editio
764 2808 883 2851 recuss
905 2783 1125 2851 estGenevee
1141 2788 1232 2854 1611.
1355 2833 1361 2846 .

101 2948 109 2967 ὑ
188 2880 244 2950 et,
269 2871 454 2937 admodum
482 2878 621 2951 vitiose,
653 2873 862 2960 Rathomegi
885 2869 1040 2938 1653fai.
1065 2891 1143 2936 cum
1163 2876 1234 2939 La·

188 2958 258 3021 tine
277 2959 559 3046 interpretatione
579 2970 613 3025 et
623 2959 762 3024 scholiis
783 2960 894 3032 Andr.
915 2958 1063 3036 Scitotti.
1095 2959 1232 3025 Novem

188 3046 422 3109 recensionem
439 3044 670 3110 Bibliothecae
694 3046 879 3111 Photianae
903 3065 984 3108 cure
1014 3045 1116 3111 Imm.
1139 3046 1233 3113 Bet.
1270 3093 1273 3100 ,
1316 3057 1321 3068 '

190 3130 265 3195 beri
283 3129 436 3196 Berolini
463 3134 593 3197 octenis
621 3134 697 3196 mei.
721 3134 935 3222 prodituram
964 3132 1101 3195 nunciat
1123 3133 1231 3197 ludex

188 3214 433 3282 librenrecens
443 3216 561 3283 editor.
573 3219 764 3307 Lipsiensis
774 3220 855 3286 anni
871 3219 961 3286 1820.
972 3215 998 3281 Ι.
1006 3239 1036 3302 ρ.
1047 3220 1163 3284 311...
1177 3221 1232 3284 De

188 3301 329 3388 reliquis
358 3303 472 3370 Photii
502 3306 636 3393 scriptis
663 3328 749 3392 quse
773 3314 973 3392 supersunt,
1008 3313 1047 3367 ut
1077 3301 1119 3370 de
1138 3307 1233 3456 Epi·

187 3390 306 3468 stciist
327 3389 591 3472 Ncmccancne,
610 3393 700 3470 eliis,
718 3416 750 3461 v.
763 3394 954 3461 Fabricium
967 3391 990 3455 Ι.
1001 3390 1025 3456 l.
1045 3400 1080 3455 et
1094 3393 1169 3459 Her
1182 3413 1229 3456 es.

121 3528 124 3532 ,
185 3473 223 3536 in
245 3473 374 3540 Iatrod.
396 3476 440 3543 T.
457 3477 499 3542 ΙΙ.
523 3498 559 3564 p.
570 3483 634 3546 460
645 3502 771 3568 sqq.-
799 3480 958 3547 Lexiccn
979 3476 1115 3560 Plectii,
1137 3477 1231 3568 quod

183 3561 253 3639 iem
273 3561 402 3626 dudum
421 3567 559 3650 quidem
582 3555 826 3646 innotuit,'sed
850 3584 960 3651 nuper
981 3562 1120 3630 demum
1137 3566 1229 3655 typis

181 3648 390 3737 impressum
414 3661 481 3730 est,
514 3674 616 3741 supra
639 3655 830 3721 memorari
850 3651 876 3741 i.
895 3654 958 3715 204
968 3673 1041 3737 sqq.

249 3735 356 3799 Varis
389 3751 548 3825 excerpta
587 3749 622 3804 et
645 3741 870 3818 collectanea,
911 3738 1127 3805 Constantini
1147 3738 1225 3805 vti.

180 3820 509 3910 Borpbyregenneti
529 3826 624 3890 iussu
646 3847 730 3892 seco.
752 3827 800 3894 X„
824 3822 979 3891 confecta
1012 3827 1230 3891 enumeravi-

179 3927 258 3972 mus
273 3909 299 4000 i.
317 3927 386 3997 ¹90·
417 3912 456 3975 ln
470 3933 616 3997 quornm
629 3935 812 3980 numeram
827 3913 1007 3978 retulimus
1017 3919 1117 3978 etiam
1136 3911 1229 3980 Geo-

178 3997 332 4085 panieon
355 3999 423 4062 sive
440 3997 653 4064 delectorum
669 4001 909 4067 determina
928 4001 1035 4066 librae
1054 4000 1230 4067 XX-stu-

182 4076 239 4159 dio
262 4080 428 4152 Cassiani
437 4083 546 4153 Bassi
557 4085 783 4170 Scholastici,
805 4086 1081 4177 exscriptoribus
1102 4086 1229 4156 sesculi
