2942 4875
241 441 285 503 50
470 448 666 499 arnonnnrs
689 446 792 499 caus.
814 448 1055 536 anrrntcnnq

244 607 438 695 lyricorum
446 628 591 671 numero
604 606 646 672 ab
663 607 908 672 Alexandrinis
918 604 1290 693 grammaticisadseri-

244 704 344 783 ptum
357 717 428 757 esse
450 692 541 757 infra
563 695 766 758 videbimus.
812 694 990 758 Summam
1018 705 1131 757 tamen
1155 692 1293 757 landem

243 784 376 845 naeniis
391 793 424 844 et
434 782 624 845 threnodiis
635 785 704 846 suis
720 782 855 858 meruit,
868 781 1028 863 (Quintil.
1040 781 1119 843 lust.
1132 776 1195 842 Or.
1205 778 1251 841 X.
1267 802 1294 841 ι.

180 887 186 896 ·
244 869 303 956 64)
316 890 462 952 quarum
482 873 658 954 egregium
680 880 848 953 superstes
860 867 1109 952 fragmentum,
1127 865 1294 943 Danaeia,

243 956 393 1019 materni
416 952 574 1030 affectus,
599 977 698 1040 quem
723 954 851 1040 prodit,
874 956 960 1019 mira
980 953 1158 1016 dulcedine
1177 953 1295 1037 legen-

245 1044 290 1106 iis
315 1048 468 1104 animum
481 1045 725 1128 permulcens,
749 1041 920 1128 Dionysio
942 1041 1054 1105 Halic.
1079 1039 1149 1127 (De
1175 1047 1294 1101 struet.

247 1138 331 1192 orat.
347 1150 383 1214 p.
395 1125 455 1193 258
469 1128 521 1191 ed.
537 1125 638 1215 Upt.)
651 1129 823 1191 debemus.
870 1129 978 1213 Elegi
997 1136 1108 1190 autem
1120 1128 1202 1205 eius,
1215 1127 1294 1210 qui-

246 1215 312 1279 bus
333 1236 485 1301 pugnam
507 1214 663 1278 navalem
691 1214 733 1277 ad
759 1215 987 1279 Artemisium
1014 1219 1296 1298 promontorium

249 1312 284 1364 et
304 1303 341 1363 in
354 1301 572 1364 Marathonia
592 1301 746 1364 terrestri
767 1308 895 1363 occisos
915 1302 1077 1363 libertatis
1096 1320 1298 1386 propugna-

248 1386 589 1470 tores,Aeschylilra
614 1388 1297 1474 icivictor,posteritatismemoriaecom-

247 1474 427 1538 mendasse
444 1471 576 1550 fertur,
591 1411 689 1543 liand
700 1478 808 1560 magis
821 1473 968 1539 celebres
982 1484 1082 1550 snut,
1102 1494 1203 1558 qnam
1220 1474 1299 1560 epi-

243 1573 453 1651 grammata
469 1561 837 1661 epitnpliiaelegornm
860 1573 969 1626 metro
987 1566 1195 1646 composita,
1213 1581 1299 1644 quae

249 1658 451 1733 supersunt,
485 1669 522 1709 ιιι
552 1647 607 1710 his
638 1648 908 1713 laudatissimum
952 1646 1037 1711 illud
1064 1652 1101 1710 in
1130 1655 1299 1709 trecentos

251 1734 441 1820 Spartanos
462 1735 521 1819 qui
540 1734 642 1798 caede
668 1734 895 1799 sua'l'hermo
924 1735 1060 1802 viarum
1086 1731 1201 1795 larices
1220 1743 1300 1795 tan-

251 1833 372 1906 topere
392 1821 626 1886 nobilitarunt.
654 1821 696 1888 cf.
716 1821 885 1888 Herodot.
898 1758 981 1886 l'tt.
1003 1823 1075 1885 228.
1102 1818 1174 1882 Cic.
1193 1819 1298 1882 Tnse.

255 1906 398 1984 Quaest.
424 1908 448 1971 l.
470 1912 522 1969 la.
571 1906 638 1968 Sed
655 1909 879 1993 generalioris
898 1911 997 1971 etiarn
1011 1914 1204 1992 argumenti
1226 1905 1297 1970 ele-

252 1994 317 2079 giis
337 1992 525 2057 condendis
546 1992 751 2056 Mimnermi
773 2016 854 2056 enm
875 1994 1024 2078 vestigiis
1041 1995 1220 2070 institisse,
1247 2003 1298 2054 te-

253 2091 363 2144 statur
376 2079 620 2163 fragmentum,
641 2080 813 2144 aStobaeo
828 2079 942 2144 Floiil.
954 2082 1025 2146 Tit.
1048 2083 1101 2166 98.
1122 2079 1298 2168 paoped.

256 2167 372 2230 Grotii
404 2175 586 2229 servatum.
640 2165 737 2246 Quae
761 2170 963 2254 praestantis
991 2168 1111 2255 po'e'tae
1135 2167 1299 2253 reliquiae

253 2252 417 2336 leguntur
441 2273 534 2315 nunc
557 2252 594 2316 in
615 2250 869 2319 Gnomicorum
890 2266 923 2317 et
941 2255 1154 2342 Lyricorum
1176 2276 1303 2339 corpo-

255 2338 371 2418 ribus,
404 2340 659 2403 accuratissime
683 2340 790 2418 editae
818 2346 855 2407 in
883 2340 1049 2406 Brunckii
1073 2339 1246 2404 Analectis
1269 2350 1304 2404 et

258 2424 405 2492 lacobsii
431 2425 647 2511 Anthologia
687 2427 830 2493 Graeca.
875 2427 998 2516 Neque
1029 2427 1190 2492 tacendae
1222 2440 1304 2493 sunt

257 2515 434 2578 versiones
462 2515 676 2598 germanicae
702 2516 862 2594 lacobsii,
895 2517 1097 2601 Stolbergii,
1130 2515 1302 2595 Herderi,

259 2600 431 2680 Passovii,
455 2620 538 2687 quas
554 2599 671 2665 laudat
694 2600 900 2668 Mohnikius
918 2603 976 2668 ll
999 2626 1037 2694 p.
1050 2600 1110 2693 267
1120 2626 1169 2690 sq.

727 2774 755 2867 i.
778 2774 832 2842 36.

325 2934 541 3013 Amatoriae*
554 2957 667 3011 autem
681 2947 832 3035 elegiae,
854 2960 934 3036 post
951 2947 1223 3025 Mimnermum,
1268 2969 1307 3013 ιιι

261 3031 304 3097 de
328 3034 418 3096 vitae
442 3036 621 3099 universae
648 3035 747 3097 malis
769 3039 944 3121 querelas,
978 3036 1021 3099 ad
1040 3037 1165 3100 amoris
1189 2970 1305 3098 infdli-

262 3119 311 3184 cis
322 3121 475 3185 miserias
494 3122 530 3184 in
540 3119 716 3185 Nunnone
732 3143 793 3184 sua
837 3123 945 3186 rimus
954 3123 1144 3186 traduxisse
1158 3122 1306 3199 ridetur,

260 3228 353 3271 unus
374 3218 494 3270 auctor
504 3208 737 3272 Antimachus
760 3145 994 3297 Colophonius
1015 3209 1070 3297 h'ic
1092 3220 1307 3279 commemo-

261 3294 399 3359 randus.
445 3295 539 3359 Nam
558 3304 704 3377 quatuor
725 3295 863 3382 reliqui,
897 3295 1175 3372 PhiletasCous,
1207 3296 1303 3359 Her-

261 3381 440 3447 mesianail
455 3380 713 3466 Colophonius,
737 3381 930 3446 Pltanocles
950 3394 982 3445 et
993 3382 1232 3459 Callimachus,
1253 3392 1307 3444 et-

265 3469 295 3533 si
317 3488 488 3531 summam
517 3468 554 3532 in
587 3465 653 3531 hoe
675 3469 835 3533 carminis
859 3491 983 3554 genere
1013 3470 1151 3533 laudem
1168 3490 1307 3533 merue-

264 3556 352 3629 rint,
377 3576 481 3640 qnnm
506 3561 576 3617 vita
594 3575 714 3618 eorum
748 3557 785 3620 in
805 3556 998 3620 Alexandri
1022 3557 1163 3621 demum
1187 3557 1308 3620 Mace-

188 3678 196 3699 .
268 3639 368 3705 donis
399 3650 432 3702 et
453 3640 732 3706 Ptolemaeorum
748 3654 902 3732 tempora
932 3643 1082 3721 incidat,
1113 3645 1304 3707 adrestine

268 3730 384 3793 aetatis
417 3729 597 3814 poetarum
639 3750 821 3793 reeensnm
857 3745 1086 3805 reservantur.
1142 3731 1308 3795 Antima-

270 3817 356 3879 chus
385 3824 518 3893 autem,
541 3836 663 3902 qnem,
695 3828 838 3903 propter
864 3816 1094 3895 Thebaidem,
1125 3820 1163 3881 in
1190 3822 1309 3905 epico-

269 3923 350 3965 rum
397 3902 552 3964 eetarnm
582 3904 732 3988 quinque
754 3905 949 3990 principum
981 3926 1146 3968 canonem
1166 3926 1310 3991 recepe-

267 4000 351 4052 runt
398 3990 588 4052 rammatici
603 3990 851 4069 Alexandrini,
875 3990 927 4080 (li.
949 4013 1000 4077 ⁹9·
1018 3997 1084 4069 30.)
1105 3991 1310 4057 Mimnermi

272 4073 416 4139 fortasse
451 4077 648 4161 exemplum
678 4089 833 4157 secutus,
865 4079 995 4164 puellae
1031 4077 1095 4143 sibi
1126 4078 1314 4159 adamatae,

274 4160 334 4241 sed
352 4171 464 4229 morte
485 4163 670 4231 immatura
692 4176 847 4255 ereptae,
871 4167 1075 4233 memoriam
1096 4165 1210 4254 elegiis
1224 4186 1313 4242 conf
