2942 4875
1069 175 1368 370 ΜΞΝ.

765 1129 801 1210 la

762 1257 959 1365 ss.

257 1456 403 1625 Quot>
425 1547 505 1600 ante
521 1524 653 1602 ,decem
674 1552 786 1598 annos
808 1527 847 1599 in
869 1524 954 1599 libri
976 1524 1085 1599 huius
1105 1527 1225 1600 fronte
1243 1525 1322 1601 iam

500 1205 535 1229 s
600 1203 604 1220 1

500 825 1303 1334 LECTVRISZZ]

256 1663 476 1762 significavi,
502 1683 542 1734 ut
570 1661 679 1733 totius
702 1662 823 1761 operis
853 1661 945 1733 ratio
975 1681 1010 1734 et
1038 1663 1228 1734 consilium
1254 1655 1330 1736 no?

112 1863 115 1872 ,
148 1853 151 1858 >
256 1820 431 1890 meretur,
457 1795 676 1896 paucissimis
698 1796 816 1869 verbis
836 1797 944 1869 etiam
970 1821 1067 1868 nunc
1093 1815 1253 1894 repetere
1275 1797 1322 1870 li·
1375 1863 1380 1872 .

159 2011 163 2019 ,
255 1953 341 2006 ceat.
373 1932 787 2006 Litteraturaeomnium
809 1930 1003 2004 ditissimae
1025 1956 1099 2003 non
1121 1930 1188 2002 nisi
1209 1934 1325 2006 initia
1371 1993 1376 2002 .

256 2066 397 2141 tradere
419 2068 604 2159 constitui,
631 2095 724 2168 quae
756 2064 917 2141 discendi
938 2066 1080 2167 cupidis
1110 2065 1153 2138 ad
1174 2066 1324 2139 interius

255 2203 455 2276 litterarum
481 2204 700 2280 Graecarum
722 2201 881 2275 studium
901 2203 1207 2282 viammunirent.
1235 2200 1329 2275 Bre-

256 2338 373 2412 vitatis
400 2341 511 2439 igitur
546 2340 683 2439 ubique
720 2338 897 2411 rationem
929 2335 1062 2430 habui,
1105 2338 1154 2410 it‘a
1191 2358 1326 2433 tamen,

254 2493 295 2547 ut
324 2501 368 2546 ne
396 2474 486 2579 quid
510 2473 662 2565 deesset,
689 2474 791 2574 quod
819 2473 864 2548 ad
901 2462 1084 2548 universae
1113 2472 1325 2583 disciplinae
1359 2490 1374 2509 ²

258 2609 507 2709 coguitionem
530 2611 677 2683 alieuius
698 2637 773 2683 esse
790 2611 965 2691 momenti
984 2609 1241 2683 aestimaretur.
1279 2607 1325 2681 In

176 2742 179 2749 ’
256 2771 330 2844 quo
353 2770 461 2842 quam
487 2744 644 2818 difficilis
669 2746 715 2817 sit
735 2771 856 2819 rerum
883 2745 1061 2839 delectus,
1096 2770 1206 2845 (luam
1229 2743 1324 2816 mul⁴

258 2879 372 2978 tiplex
408 2879 589 2955 scribendi
616 2877 730 2972 ordo,
765 2906 875 2981 quem
909 2880 1101 2974 adhibeas,
1140 2882 1325 2973 neminem

256 3015 372 3113 lugiet
397 3017 459 3115 qui
484 3018 522 3088 iu
543 3015 651 3091 simili
672 3036 889 3114 argumento
909 3015 1096 3089 tractando
1118 3018 1324 3116 periculum

256 3150 393 3224 lecerit.
446 3150 527 3242 Sic,
565 3178 657 3250 quae
683 3150 854 3226 historiae
881 3151 1072 3225 litterariae
1097 3152 1326 3227 Graecorum

257 3284 390 3382 vulgo,
441 3312 508 3359 nee
544 3286 620 3360 sine
655 3312 760 3358 causa
791 3283 943 3379 idonea,
988 3288 1171 3388 praemitti
1206 3288 1327 3361 solent

262 3415 542 3518 disputationes,
582 3426 629 3495 de
652 3426 797 3518 primis
835 3402 1073 3498 Graecorum
1100 3423 1325 3520 originibus,

262 3558 311 3626 de
325 3560 498 3630 culturae
515 3585 647 3630 eorum
666 3561 789 3631 initiis
806 3540 844 3630 et
862 3562 1120 3647 incrementis,
1148 3563 1197 3631 de
1215 3586 1326 3632 even·

259 3692 312 3760 tis
337 3694 538 3788 factisque
567 3696 815 3790 praecipuis,
852 3719 1014 3793 quorum
1047 3691 1092 3765 ad
1124 3693 1327 3771 litterarum

260 3822 378 3897 studia
413 3826 486 3899 sive
512 3826 718 3926 dirigeuda‚
754 3832 826 3903 sive
849 3827 1035 3927 acuenda,
1060 3831 1134 3905 sive
1157 3856 1327 3906 corrum-

259 3958 378 4058 penda
408 3960 675 4038 immutandave
699 3993 829 4065 magua
859 3966 1023 4043 omnium
1046 3992 1223 4041 consensu
1249 3994 1328 4041 cer·

258 4092 357 4170 nisur
377 4096 449 4194 vis,
483 4097 641 4200 denique
680 4105 727 4176 de
759 4128 935 4179 sermone
973 4104 1123 4177 Graeco
1156 4118 1195 4177 et
1230 4107 1325 4176 scri-

562 4516 566 4523 ,
598 4381 822 4496 esseae
