2942 4875
425 435 695 490 aroanononvs
718 437 968 491 arnnnrnrsrs
1010 408 1013 424 '
1105 448 1109 454 ·
1176 430 1215 490 41

177 577 351 643 Chronico
381 576 590 655 nasoniano,
623 580 814 661 suspicatur
834 577 997 663 Heynius
1022 575 1063 638 ad
1084 573 1218 660 Fragm.

176 663 382 749 Apollodori
405 686 439 749 p.
458 674 532 729 itt.
578 664 611 742 3)
634 663 889 732 commentarii
909 666 947 727 in
968 660 1128 727 Navium
1157 686 1219 726 ca·

177 751 338 837 eclogam
369 750 542 838 (περὶτοῦ
568 738 898 833 acosimum),
932 747 1219 833 quomadmodum

176 836 254 900 libri
270 835 312 901 ll.
337 835 446 900 lliadis
470 845 615 922 partem,
641 855 711 921 qua
726 838 902 920 copiarum
924 855 1083 898 recensus
1107 834 1219 896 conti-

179 936 296 1001 netur,
318 921 535 1009 appellabant
554 918 795 997 Grammatici,
817 922 913 984 libris
931 919 1012 984 xlt.
1058 919 1219 1000 Quorum

178 1025 278 1094 saepe
301 1009 509 1074 mentionem
528 1007 608 1072 l'ocit
625 1005 761 1085 strato,
785 1009 906 1093 partim
930 1006 1082 1070 refutans
1101 1018 1223 1071 aucto·

179 1117 278 1176 νοωἸ
292 1097 417 1182 partim
433 1095 505 1158 eius
526 1095 675 1180 vestigiis
694 1094 862 1158 insistens.
906 1097 939 1174 lt)
954 1094 1222 1181 Glaorograpbi·
1244 1159 1249 1164 ,

63 1193 67 1204 “
180 1205 380 1271 cosmopeia,
408 1179 476 1259 Γῆς
497 1181 651 1266 περίοδος
683 1187 752 1242 aive
784 1179 977 1267 περιήγησις
1005 1183 1221 1279 inscriptum,

180 1279 214 1333 et
230 1267 390 1333 Straboni
409 1263 511 1330 xlv.
533 1289 566 1354 p.
579 1267 642 1353 995
658 1267 699 1329 l).
723 1265 915 1334 laudatum:
946 1266 987 1329 ad
1005 1268 1101 1330 coins
1123 1267 1221 1328 simi-

179 1354 360 1419 litudinem
394 1350 533 1441 postltso
556 1351 722 1441 Scymntts
747 1352 855 1416 Citius
882 1361 915 1415 et
936 1351 1127 1440 Dionysius
1154 1352 1223 1417 Pe·
1253 1357 1258 1362 ’

181 1443 330 1529 riegetea
350 1461 426 1504 suas
447 1438 597 1501 versibus
616 1436 841 1502 condiderunt
852 1435 1059 1523 περιηγήσεις
1070 1438 1112 1526 (§
1127 1451 1221 1540 tau).
1290 1467 1294 1478 „

181 1529 225 1616 5)
245 1523 501 1591 Uommentorii
528 1524 567 1588 in
597 1523 788 1611 Sophronis
809 1524 944 1588 Mimos
974 1521 1028 1607 (τὰ
1052 1527 1126 1607 περὶ
1150 1523 1225 1587 Σω·
1347 1579 1350 1584 ,

182 1636 309 1703 φρονος
320 1614 367 1700 (§.
381 1611 446 1692 86.)
457 1622 491 1673 et
500 1611 537 1673 in
548 1608 818 1698 Epiclturmum.
837 1610 1007 1672 cornicum
1020 1609 1155 1696 poetam
1167 1628 1226 1673 ve.

183 1700 263 1764 teris
275 1698 470 1761 comoediae
482 1695 537 1782 (Τ.
550 1695 575 1758 l.
590 1718 621 1782 p.
635 1693 735 1782 168),
757 1697 792 1758 in
811 1696 926 1759 decern
939 1696 1043 1759 libros
1055 1695 1225 1780 descripti.

183 1787 216 1865 6)
242 1785 299 1851 De
315 1783 496 1849 verborum
510 1782 712 1869 originibus
733 1779 787 1867 (τὰ
807 1778 1124 1866 ἐτυμολογούμενα),
1149 1782 1228 1868 plo.

182 1863 406 1938 ribus'librie.
454 1871 489 1955 7)
501 1866 631 1932 Notitia
649 1866 808 1933 historico
826 1869 868 1932 de
885 1868 1123 1934 meretricibus
1139 1877 1228 1957 quoe

183 1957 335 2023 Athenis
361 1958 537 2030 vixerunt,
571 1957 647 2040 napi
674 1954 743 2020 τῶν
770 1952 955 2045 Ἀθήνῃσιν
984 1955 1043 2019 ito
1080 1954 1136 2019 ῶν.
1186 1957 1228 2020 ln

185 2063 253 2129 quo
284 2050 486 2129 argomento
517 2041 645 2104 similes
677 2040 756 2104 libri
781 2041 1027 2128 Aristophanis
1087 2045 1229 2130 premii,

183 2130 380 2210 Ammonii‚
412 2126 621 2211 Antiphanis
645 2137 679 2188 et
701 2126 850 2212 Gorgiae
877 2128 1099 2191 Atheniensis
1131 2139 1230 2193 erant

185 2217 324 2293 versati,
356 2235 441 2301 quos
461 2215 631 2299 excerpsit
647 2213 849 2277 Athenaeus
867 2213 904 2275 in
924 2212 1162 2302 Deipnosoph.
1183 2215 1230 2279 li-

186 2289 355 2366 broXlll.
378 2299 637 2372 Cl.‚1acobaium
646 2297 681 2359 in
691 2298 815 2362 Museo
826 2300 942 2362 Attico
954 2298 997 2365 T.
1006 2298 1049 2363 tl.
1059 2302 1231 2385 partit...
1295 2353 1300 2368 .

186 2389 325 2455 Horum
355 2385 511 2449 omnium
543 2385 709 2449 librorum
740 2403 849 2471 pauca
879 2394 1010 2448 tanturn
1040 2381 1231 2471 fragmenta

188 2483 387 2561 supersunt,
412 2471 552 2536 collecta
573 2471 723 2535 otdocte
740 2471 907 2536 illustrata
923 2471 965 2536 ab
976 2471 1129 2559 Heyr'az'o.
1163 2476 1230 2540 Sed

179 2564 341 2626 ¹serratus
359 2568 409 2622 est
433 2557 452 2620 8
487 2577 576 2622 unus
596 2555 681 2622 liber
691 2558 917 2647 Apollodori,
938 2556 1006 2621 fine
1022 2569 1134 2623 tamen
1153 2582 1235 2625 mu.

188 2650 286 2727 tilos,
310 2645 446 2711 Bittiot
489 2666 531 2709 co
547 2645 747 2732 inscriptos,
769 2655 803 2709 et
822 2646 858 2709 in
876 2656 946 2710 tres
964 2655 1075 2731 partes
1094 2646 1233 2728 divisos,
1313 2652 1318 2658 '

112 2782 125 2791 .
188 2756 258 2823 qno
280 2732 376 2820 quasi
402 2731 646 2819 compendium
667 2730 881 2820 subulcorum
901 2734 1113 2813 continetur,
1146 2756 1233 2822 qnae

188 2847 213 2886 a
228 2820 345 2911 poclis
363 2818 511 2882 maxime
529 2827 609 2881 anot
619 2815 882 2905 frequentatae,
903 2817 1074 2905 imprimis
1093 2827 1233 2905 quaein

189 2907 283 2996 cyclo
303 2907 399 2994 epioe
421 2912 674 2971 memorantur:
699 2904 906 2989 opusculum
918 2905 1098 2986 brevitate,
1119 2905 1234 2972 lucido

191 2994 313 3060 ordino
329 3002 362 3055 et
377 2991 545 3055 sermonis
565 2991 805 3078 perspicuitate
816 2990 1102 3070 commendabile,
1124 2996 1236 3084 iisque

190 3103 262 3147 non
281 3079 420 3154 inutile,
453 3078 514 3165 qui
532 3087 650 3147 cetero
671 3064 853 3226 complecti
872 3078 979 3143 velint
1005 3082 1175 3153 memorio
1194 3119 1236 3133 -

193 3186 278 3254 quse
297 3164 418 3229 Photii
438 3162 541 3237 rerba
559 3172 639 3227 sunt
659 3163 728 3252 (Co
755 3209 763 3226 .
780 3163 866 3253 186.)
889 3163 929 3227 de
940 3164 1148 3249 Apollodori
1170 3167 1236 3232 boo

192 3251 323 3319 libello.
367 3250 466 3329 Quae
497 3249 596 3328 libri,
635 3260 787 3315 ceterum
820 3249 916 3314 valde
947 3249 1162 3338 interpolati,
1200 3264 1236 3317 et

90 3362 96 3379 a
192 3340 319 3431 passim
341 3336 510 3416 bonnoni,
541 3334 666 3400 utilitas
686 3337 866 3423 insigniter
886 3349 982 3401 aucta
1004 3348 1069 3411 est,
1102 3359 1148 3403 ex
1168 3359 1236 3425 quo

194 3424 332 3514 Heynii
355 3423 446 3486 curis
468 3421 596 3509 prodiit
616 3434 795 3487 contextus
815 3423 916 3510 longe
945 3420 1172 3504 emendatior,
1204 3435 1239 3490 et

194 3509 392 3579 doctissimo
413 3510 658 3575 commentario
685 3510 889 3587 illustratos,
921 3512 1035 3597 primo
1054 3509 1238 3597 Gottingae

198 3599 279 3685 1782
291 3595 417 3683 sq.-lV
430 3584 525 3660 Voll.
552 3604 602 3660 ια’.
635 3596 756 3661 deinde
781 3598 937 3661 secundis
966 3601 1074 3680 curis,
1108 3598 1238 3675 ibidem

197 3684 292 3754 1803.
322 3681 464 3747 llVoll.
487 3683 518 3747 8.
549 3682 771 3772 Heynianam
801 3695 1047 3755 antecesserant
1081 3686 1239 3773 princeps

193 3771 304 3861 Aegii
320 3768 440 3844 editio,
463 3768 594 3834 Rornae
608 3766 701 3835 1555.
711 3771 742 3835 8.
760 3812 803 3827 -
830 3770 1038 3835 commelini
1053 3773 1141 3885 ¹529.
1154 3773 1184 3838 8.
1196 3809 1241 3828 ·-

200 3860 338 3946 ll'onaq.
356 3852 486 3932 Fabri,
509 3854 672 3921 Salmurii
689 3854 781 3922 1661.
802 3857 834 3921 8.
863 3867 898 3919 et
927 3852 1050 3922 Tltom.
1077 3841 1183 3924 dalei
1202 3861 1239 3924 in

195 3946 373 4012 Historiae
403 3942 556 4030 politicae
587 3943 827 4096 scriptoribus¹
859 3944 997 4008 Parisiis
1022 3944 1113 4029 1675.
1138 3955 1169 4014 8.
1196 3989 1239 4003 ..-

196 4032 321 4123 Nuper
351 4030 491 4097 demum
516 4027 644 4136 Apollo
670 4021 724 4096 ori
751 4028 997 4097 Bibliotbeoom
1013 4045 1182 4182 6accurata
1208 4043 1243 4100 et
