2942 4875
101 358 107 368 '
166 367 208 414 to
566 361 809 410 oltrttrtvs.

165 521 209 590 Il.
226 541 260 606 p.
268 515 376 607 595.),
398 528 432 581 et
446 528 543 583 aecta
564 505 800 608 Orphicorur'n
820 516 992 605 (θίασος),
1014 516 1214 605 disciplinae

168 609 321 682 cuidam,
344 617 383 668 ut
399 611 507 669 serius
530 605 760 693 Pythagorei,
790 604 943 680 addicta,
966 604 1149 690 (Herodot
1173 603 1220 668 II.

170 697 257 778 8¹4²
288 713 371 778 quae
398 694 433 754 iu
465 692 609 776 longum
643 691 844 778 perduravit
879 711 1010 757 aevum.
1056 691 1222 756 Ceterum

171 804 257 868 quaa
279 779 341 843 suh
363 777 499 865 Orphei
517 781 677 854 nomine,
703 790 795 841 certe
817 801 835 842 a
856 779 1007 843 Platonis
1030 779 1110 844 inde
1128 780 1224 842 etA-

170 867 331 933 ristotelis
349 874 476 940 aetate,
496 879 651 955 scripto,
674 867 806 928 maiore
829 866 865 928 in
887 865 957 929 dies
972 887 1137 942 numero,
1157 866 1227 928 cir-

172 951 470 1029 cumterebautur,
489 976 528 1015 aa
546 949 690 1016 dirersis
711 950 942 1040 temporibus,
965 952 1007 1017 ab
1030 951 1230 1017 auctoribus

175 1041 319 1105 diversis
344 1038 485 1123 Orpheo
526 1041 699 1127 supposita
727 1041 831 1104 fuisse
865 1062 967 1104 nemo
1002 1040 1143 1104 dubitet.
1188 1040 1229 1103 Iu

174 1128 245 1205 his,
267 1149 352 1212 quae
375 1126 429 1190 vel
452 1149 544 1189 uuna
563 1136 714 1203 exstant,
737 1137 818 1189 suut
843 1129 1032 1211 sequeutia:
1067 1127 1092 1193 Ι.
1107 1128 1232 1216 Argo-

134 1239 137 1248 ’
175 1217 338 1282 nautica,
363 1216 499 1300 epicum
522 1235 676 1286 tarmen,
702 1214 857 1279 versibus
881 1216 962 1278 138³*
980 1227 1151 1288 constans,
1168 1235 1235 1277 cuo

175 1303 229 1365 ius
252 1301 511 1384 antiquitatem,
537 1313 616 1400 post
640 1301 802 1377 Gesneri,
832 1301 1055 1378 Ruhnkenii,
1084 1300 1230 1365 Schnei-

178 1389 273 1462 deri,
295 1388 442 1449 diversas
457 1389 651 1474 opiniones,
675 1387 808 1451 idoneis
826 1390 1056 1472 argumentis,
1078 1387 1235 1450 acarini-

178 1477 233 1537 nis
254 1476 410 1537 numeria
429 1485 461 1535 et
473 1478 631 1538 oratione
648 1476 777 1559 petitis,
797 1477 844 1537 ita
867 1474 1233 1551 defiuitHermaunus,

178 1564 400 1644 nuperrimos
430 1558 669 1646 Orphirorum
694 1562 824 1634 editor,
853 1575 889 1624 ut
911 1573 1085 1625 auctorem
1102 1561 1233 1625 Nonno

181 1655 412 1730 antiquiorem
426 1661 456 1708 et
469 1649 639 1711 iuniorem
649 1649 783 1732 Quinto
797 1649 1002 1737 Smyrnaeo,
1021 1660 1147 1737 quarto
1165 1647 1234 1731 igi-

180 1746 238 1798 tur
264 1746 336 1817 past
349 1732 525 1798 Christum
543 1737 678 1798 saeculo
698 1737 823 1801 vixisse
839 1737 969 1820 probet.
1015 1732 1235 1820 (Schneideri

181 1821 332 1887 rationes
351 1822 546 1905 impugnat,
564 1821 651 1883 nihil
672 1823 744 1907 ipse
766 1822 947 1894 definiens,
969 1822 1173 1885 Huschka'ua
1198 1820 1238 1882 in

183 1907 414 1972 Commentat.
439 1909 480 1969 de
502 1907 635 1993 Orphei
657 1907 918 1992 Argonauticis,
943 1907 1121 1973 Rostockii
1146 1906 1238 1971 1806.

183 2002 214 2058 4.
231 2033 286 2057 .--
315 1992 355 2054 li.
372 1993 518 2079 ῌγηηίί,
535 1992 766 2057 LXXXVIII
778 2018 938 2069 numero,
963 1995 1002 2058 a'd
1022 1996 1241 2071 initiationes,

183 2081 433 2148 incantationes
468 2091 500 2142 et
528 2081 671 2142 deorum
700 2081 816 2143 laudes
843 2084 995 2145 versibus
1024 2080 1237 2144 hexametris

183 2169 382 2248 compositi,
430 2165 664 2231 Tiedemauno
692 2168 803 2231 iudice
831 2169 880 2254 (in
940 2170 1041 2234 rimis
1069 2170 1242 2232 Graeciae

185 2252 423 2337 Plutus-ophis)
440 2251 575 2338 Orphei
595 2256 839 2338 Argonauticis
865 2195 1078 2330 etiaithiris,
1102 2255 1143 2317 de
1163 2255 1241 2340 qui-

184 2341 249 2402 bos
262 2361 362 2412 tuos,
386 2339 594 2423 antiquiores
609 2343 762 2426 quidem,
783 2344 920 2406 Platoni
943 2343 1068 2429 quippe
1086 2347 1152 2405 iam
1166 2343 1244 2405 Iau-

187 2427 256 2497 dati
279 2427 337 2514 (da
365 2425 472 2509 Lagg.
501 2426 590 2490 tut.
619 2429 733 2514 p.829.
756 2429 826 2518 d.),
859 2431 916 2493 sed
937 2442 1052 2494 tamen
1076 2428 1162 2492 varii
1179 2449 1241 2511 ge-

187 2536 278 2578 neris
299 2514 364 2583 iIIi,
393 2536 499 2598 neque
518 2516 619 2576 ‘mnus
641 2515 690 2577 vel
715 2519 829 2579 aetatis
849 2518 901 2582 vel
923 2518 1077 2580 eiusdem
1093 2515 1242 2579 auctoris

189 2622 320 2665 omues.
354 2598 411 2661 Ill.
438 2602 585 2664 Litltica
615 2601 785 2689 (Λιθικᾰ,
807 2606 859 2667 vel
881 2609 958 2690 περὶ
993 2604 1140 2695 λίθων),
1166 2623 1244 2665 car-

189 2709 270 2753 men
297 2687 519 2767 didacticum,
551 2706 715 2753 versuum
743 2692 823 2774 768,
858 2704 969 2754 metro
996 2691 1134 2754 heroico
1156 2710 1245 2753 con-

190 2779 374 2859 srriptum,
401 2785 433 2835 et
460 2789 640 2862 praerepta
670 2777 712 2841 de
741 2776 924 2865 lapidibus
940 2781 1154 2864 gemmiave,
1187 2795 1247 2836 ea·

190 2883 339 2945 rumque
351 2861 393 2922 ad
409 2866 496 2921 Iteos
510 2862 711 2948 placandos,
730 2868 783 2926 vel
803 2874 921 2926 contra
934 2878 1133 2951 serpentum
1148 2882 1248 2924 mor-

192 2972 250 3012 sus
289 2950 423 3031 aliaque
459 2969 587 3011 venena
632 2951 813 3013 vistutibus
855 2951 1015 3036 magicis,
1057 2950 1246 3025 continens,

193 3058 289 3099 cuius
315 3046 511 3113 auctorem,
540 3049 658 3098 contra
686 3037 720 3101 Τ
709 3040 921 3122 yrwlzittnm
936 3032 974 3100 iri
991 3036 1151 3100 Bibtioth.
1162 3035 1249 3099 cru.

193 3124 233 3187 P.
270 3120 358 3185 till.
384 3124 498 3204 p.87.,
534 3122 741 3187 Domitiani
764 3124 974 3208 temporibus
1002 3122 1248 3211 assignandum
1304 3195 1306 3198 y

194 3232 266 3273 esse
295 3210 411 3269 docuit
431 3209 712 3271 Rulznheniua.—
735 3210 799 3277 IV.
809 3211 1032 3297 Fragmenta
1048 3207 1251 3275 sa'rtoona·

196 3295 326 3380 σμάτια
348 3295 561 3369 carminum,
588 3318 676 3381 quae
695 3292 828 3382 Orphei
853 3319 979 3360 nomen
998 3319 1104 3383 aeque
1123 3295 1250 3359 menti·

195 3394 320 3458 untur,
343 3382 421 3444 Iicet
443 3382 497 3444 vel
519 3382 574 3465 sic⁴
588 3382 712 3446 indolis
739 3397 772 3447 et
795 3390 911 3448 aetatis
928 3381 1252 3448 admodum¹diver-

198 3492 270 3546 sae,
293 3492 311 3531 e
331 3466 614 3554 philosophorum
635 3470 965 3557 Neoplatouieorum
982 3469 1093 3550 libris,
1110 3479 1149 3532 ut
1161 3467 1252 3534 Pro-

136 3622 139 3631 ,
199 3558 263 3631 cti,
287 3578 372 3641 eque
394 3554 546 3641 patribus
571 3556 749 3635 ecclesiae,
773 3558 832 3645 qui
856 3559 921 3622 soii
936 3580 1058 3624 eorum
1080 3560 1254 3622 memine-

200 3655 302 3719 runt,
325 3644 540 3727 potissimum
569 3643 727 3723 cotta-ta,
755 3655 789 3707 et
810 3646 916 3721 edita,
938 3657 1016 3733 post
1032 3647 1078 3709 H.
1100 3642 1253 3731 Stephaj

200 3754 285 3795 num
325 3742 359 3791 et
389 3730 712 3810 Eaclzenbaclu'um,
735 3753 753 3793 a
778 3733 931 3797 Gesnero
967 3744 1001 3796 et
1023 3732 1255 3807 Hermanno,

201 3816 324 3902 quibus
350 3823 573 3893 annumerari
602 3820 703 3881 etiam
730 3818 816 3882 solet
837 3820 1087 3884 breviusculum
1112 3834 1254 3879 carmen

202 3904 376 3989 quoddam
409 3904 598 3989 integrum,
636 3909 710 3991 περὶ
740 3909 903 3990 σεισμῶν,
933 3908 1002 3971 sive
1026 3902 1256 3994 prognostica

202 3993 244 4052 de
266 3990 569 4075 significationibus
590 4001 703 4055 terrae
721 4003 898 4073 motuum,
926 3992 1081 4058 versibus
1105 3987 1255 4061 LXVI,

203 4079 295 4164 quod
315 4078 431 4166 primo
460 4099 539 4142 cum
560 4064 648 4155 veis,
672 4080 730 4148 Iat.
757 4083 901 4148 metrica
933 4105 954 4149 a
975 4076 1100 4171 Bayfio
1125 4077 1257 4141 editum
