2942 4875
416 487 646 541 caaaconvu
669 492 812 542 causan
834 483 1070 542 rnaacn‘rna
1248 475 1269 540 3

219 629 350 705 diram,
382 629 495 691 adhuc
516 629 668 716 experti,
702 628 938 718 hanaporum
964 627 1092 708 obluit,
1123 626 1160 692 hi
1184 649 1267 694 vero

220 715 379 779 scientiae
402 725 521 779 auctus
546 726 579 779 et
598 718 823 798 incrementa,
849 718 1005 803 quamvis
1021 738 1081 800 per
1101 716 1268 801 ac·magui

219 800 396 877 facienda,
435 802 617 887 multiplici
637 813 750 865 tamen
772 802 926 865 doctriua
947 803 1055 886 magia
1078 803 1267 867 onerabant

219 907 324 973 quam
352 889 557 952 exercebant
577 885 726 973 ingenia,
759 907 868 973 eoque
890 894 966 975 ipso
987 891 1076 954 vices
1103 898 1137 950 et
1157 889 1269 970 impe·

219 986 294 1040 tum
312 994 432 1038 eorum
450 973 649 1060 frangerent
668 984 701 1037 et
719 974 914 1040 inhiberent
933 997 1067 1054 necesse
1084 983 1163 1038 erut
1189 974 1268 1053 Quo

117 1129 121 1133 ,
219 1066 539 1148 minuentiumque
562 1063 629 1126 hoe
655 1060 1021 1138 accidissemiremur,
1056 1071 1161 1145 quum
1192 1074 1269 1144 poet

218 1144 410 1210 Alexandri
444 1160 590 1216 mortem
624 1150 862 1225 immaturam,
905 1148 1075 1212 bellorum
1103 1147 1268 1222 civilium,

219 1233 371 1320 undique
392 1237 665 1318 erumpentium,
687 1240 867 1318 ingruente
881 1236 1086 1309 calamitate,
1108 1231 1228 1298 litteris
1250 1255 1269 1295 e

221 1318 365 1384 Graecia
391 1319 541 1406 Asiaque
573 1320 695 1408 pulaie,
729 1321 985 1394 Alexandriae,
1015 1341 1101 1383 nova
1131 1330 1165 1382 et
1192 1342 1269 1382 am·

219 1406 371 1493 plieaima
398 1404 499 1484 urbe,
528 1413 566 1469 in
584 1407 668 1490 ipsis
691 1408 870 1491 utriusque
900 1408 992 1470 orbis
1018 1406 1173 1470 confiniis
1195 1407 1268 1485 sita,

221 1493 415 1579 civiumque
436 1502 469 1555 et
485 1504 684 1572 exterorum
702 1491 914 1577 frequentia,
937 1492 1167 1566 commerciis,
1191 1493 1268 1579 opi-

121 1601 126 1612 ·
219 1578 319 1660 bus„
340 1578 425 1642 luxu
457 1569 561 1663 regali
588 1575 789 1642 mirabiliter
817 1576 978 1657 llorente,
1021 1575 1214 1664 perfugium
1236 1588 1269 1640 et

220 1664 476 1749 receptaculum
514 1674 625 1728 tutum
658 1673 691 1726 et
723 1663 954 1728 honorificum
984 1674 1118 1751 pararet
1149 1665 1268 1754 Ptole-

221 1772 400 1816 manorum
430 1751 622 1838 primorum
653 1747 903 1832 munificentia,
945 1752 981 1812 in
1013 1743 1268 1833 litterarumque

220 1837 333 1900 atndia
364 1857 462 1930 amor
489 1838 688 1924 singularis:
730 1831 870 1902 condito
904 1843 1104 1922 praesertim
1131 1835 1270 1912 Museo,

219 1923 333 2008 primo
356 1943 395 1985 ac
419 1919 559 1988 sortasse
587 1925 686 1986 unioo
739 1946 776 1986 er
802 1933 971 2002 terrarum
999 1921 1116 1985 orbem
1139 1923 1268 1985 doctis·
1333 1944 1339 1954 ’

219 2010 388 2073 almorum
409 2006 593 2073 hominum
618 1944 842 2073 contulieriiio
859 1994 970 2095 'utque
999 2009 1196 2087 convictu„
1212 2029 1269 2082 ro.

244 2095 283 2159 iia
310 2096 480 2161 sumtibus
513 2095 696 2161 liberaliter
718 2093 924 2178 sustentato,
968 2118 1006 2158 ac
1041 2093 1176 2185 duplici
1200 2094 1271 2157 Bi-

218 2116 410 2260 itionem,
443 2203 462 2244 a
481 2181 651 2246 librorum
672 2184 778 2268 copiis
801 2183 1079 2262 instructissima,
1113 2182 1215 2266 altera
1232 2182 1270 2266 in

219 2267 393 2347 Brucltio,
425 2267 779 2331 Alexandriaeurbie
807 2278 900 2351 parte
931 2255 1180 2354 pulcherrirna,
1213 2288 1270 2328 re·
1311 2345 1315 2351 ἢ

220 2373 371 2443 gumque
400 2354 498 2434 aede,
534 2355 653 2432 altera,
688 2374 773 2439 quae
795 2356 902 2424 aerina
922 2353 1271 2427 accessisse-videtur,

219 2444 258 2506 in
292 2440 454 2528 Serapeo.
500 2440 668 2518 Quae'tot
696 2454 729 2505 et
752 2451 843 2504 tanta
871 2440 1046 2505 doctrinae
1069 2445 1185 2525 reique
1212 2436 1270 2503 lit.

220 2528 365 2591 terariae
395 2520 441 2589 in'
467 2524 538 2589 diea
568 2527 675 2611 magia
710 2534 952 2592 succrescentia
980 2530 1207 2592 instrumenta
1237 2520 1271 2586 et

221 2635 243 2676 o
272 2612 512 2700 portunitatee,
561 2615 739 2677 accedente
775 2611 864 2677 haud
894 2614 1004 2678 multo
1035 2622 1112 2701 post
1145 2614 1270 2699 regum

255 2718 538 2848 argamanorum,
567 2701 716 2763 maxime
737 2698 907 2767 Eumenia
927 2711 960 2762 et
979 2700 1101 2766 Attali
1122 2695 1162 2762 ll.
1193 2707 1268 2787 (197

220 2795 282 2848 eti
342 2793 418 2847 ante
434 2783 570 2871 Clam),
594 2786 698 2855 aimili
721 2786 913 2849 litterarum
934 2788 1042 2867 studia
1060 2804 1269 2873 promoven.
1372 2839 1374 2842 .

221 2868 257 2936 di
318 2868 418 2951 dore,
452 2883 486 2936 et
505 2890 584 2935 cum
608 2872 814 2936 Ptolemaeis
829 2873 1073 2957 contentione,
1105 2869 1180 2934 fieri
1200 2890 1270 2933 non

220 2958 351 3046 potuit,
384 2954 468 3044 quin
487 2954 619 3022 infinita
642 2958 795 3043 legendi,
833 2980 1045 3046 operoseque
1071 2967 1270 3043 congestam

221 3045 413 3108 doctrinam
436 3044 570 3132 scriptia
596 3046 789 3126 ostentandi
812 3046 1009 3131 cupidinem
1033 3045 1269 3121 accenderent,

220 3142 255 3195 et
275 3132 431 3196 virorum
458 3130 640 3197 doctorum
665 3133 838 3217 diligentia
859 3133 900 3196 ad
924 3155 960 3197 ea
982 3133 1173 3198 litterarum
1194 3141 1270 3193 stu·

223 3217 280 3282 dia
301 3224 571 3295 converteretur,
614 3241 699 3305 quae
729 3230 803 3283 tum
834 3220 982 3283 maxime
1011 3220 1175 3296 niterent,
1210 3236 1269 3281 re·

216 3309 373 3390 ‘nmque
394 3323 475 3367 cura
498 3312 540 3397 εἰ]
550 3305 644 3392 vulgi
662 3307 825 3394 opinione
845 3327 926 3393 prae
957 3306 1075 3371 ceteris
1096 3305 1269 3368 alerentur

220 3413 240 3455 e
268 3400 541 3478 peterenturque.
557 3433 600 3447 -
644 3391 805 3456 Ceterum
828 3393 892 3456 etai
914 3391 1160 3456 Alexandriam
1176 3390 1269 3453 litte·

221 3497 340 3543 rarum
360 3497 425 3564 per
445 3478 547 3541 huiua
572 3484 690 3543 aetatis
714 3480 895 3543 decursum
922 3478 1037 3541 sedem
1070 3487 1103 3541 et
1124 3476 1269 3542 domici·

220 3564 308 3630 lium
328 3560 431 3627 fuisse
452 3564 619 3645 diximum
653 3586 708 3630 aaa
734 3576 849 3639 tamen
867 3589 885 3629 e
908 3563 1067 3642 Graecia,
1090 3558 1192 3639 Asia,
1212 3563 1268 3625 in-

222 3651 374 3735 anliaqne
401 3647 542 3714 Graecis
571 3672 713 3738 prorsus
745 3651 915 3729 exulasse,
954 3653 1097 3715 minime
1125 3648 1269 3713 creden-

221 3739 316 3804 dum.
348 3734 643 3826 NeqneAilzenae
663 3740 847 3825 antiquam,
867 3738 1056 3802 litterarum
1075 3737 1267 3822 artiumque

220 3824 342 3890 atudiia
375 3833 526 3910 partam,
564 3845 634 3887 non
656 3822 715 3889 diu
742 3826 921 3890 servarunt
943 3822 1104 3911 gloriam:
1137 3827 1174 3886 in
1201 3841 1267 3908 qua

221 3910 406 3975 cultiaaima
431 3906 515 3973 urbe
537 3920 570 3972 et
589 3912 728 3977 ineunte
752 3912 817 3976 hac
835 3921 941 3976 aetate
967 3908 1158 3975 Comoedia
1179 3898 1268 3974 navia

220 3996 338 4062 floruit
356 3998 407 4085 (ς.
420 3995 472 4061 82.
484 3997 567 4076 et),
601 4005 635 4059 et
651 3999 942 4087 pbilosophorum
962 4007 1062 4083 atque
1090 3996 1267 4061 rimorum

222 4082 373 4160 scholae,
404 4082 459 4147 vel
482 4082 546 4147 aud
568 4080 813 4149 Romanorum
834 4084 1087 4163 dominatione,
1116 4081 1266 4146 admira*
1361 4118 1364 4123 -

221 4167 284 4234 bili
305 4165 397 4236 sama
419 4170 618 4256 viguerunt,
657 4170 748 4238 adeo
764 4179 801 4235 nt
824 4171 919 4238 victa
941 4166 1021 4239 arba
1043 4169 1168 4239 artium
1187 4158 1268 4245 dnlq
