2942 4875
592 411 1015 477 Hennaeus·
1249 409 1312 499 sm

254 604 330 652 rem
354 603 373 648 a
393 581 465 648 Cel.
484 583 590 650 Maio
615 584 740 649 editam
758 604 830 648 esse
848 583 952 674 paulo
975 593 1053 649 ante
1073 583 1233 659 diximus,
1254 589 1310 646 in-

252 681 387 758 tegrum
404 667 488 756 legi,
511 669 602 735 idem
622 670 838 736 doctissimus
861 674 973 737 editor
985 680 1185 737 testatur...
1205 670 1309 734 Plena

254 764 412 823 omnium
441 759 639 822 orationum
661 759 764 833 lsaei,
793 759 910 846 quales
933 780 1025 836 nuno
1059 759 1068 824 .'
1111 758 1250 823 rwhitti
1275 767 1310 820 et

253 845 389 931 Angeia*
414 843 515 909 Maii
546 845 666 909 studiis
695 854 813 909 auctae
839 846 1019 931 leguntur,
1050 865 1068 908 e
1095 845 1154 908 itio
1183 846 1310 929 prodiit

254 930 451 1017 nuperrime
468 953 521 1020 ap.
545 930 751 998 'l'auchnitz.
774 934 912 1019 Lipsiae
932 931 1310 1021 1820.12.-·Anglice

251 1019 356 1082 vertit
377 1013 462 1102 isaei
488 1020 681 1097 orationes,
704 1039 852 1106 cumque
877 1023 1142 1095 commentario,
1165 1016 1308 1104 quoius

248 1111 395 1169 atticum
418 1105 664 1170 hereditarium
689 1102 871 1196 praecipue
889 1105 1094 1184 illustratur,
1116 1104 1224 1169 edidit
1245 1102 1307 1168 W.

253 1190 358 1257 Iones
377 1188 696 1280 Oxorsiae'1779.4.

318 1277 522 1427 Quurgaee,
545 1279 693 1346 Athenis
715 1276 858 1343 enobili
876 1299 1001 1365 genere
1032 1287 1148 1357 ortus,
1172 1276 1308 1342 circiter

254 1360 312 1429 Ol.
361 1361 467 1444 Ottl,
490 1367 626 1453 philoso
652 1364 729 1430 hiae
750 1377 784 1428 et
804 1365 1014 1452 eloquentiae
1030 1365 1166 1442 studiis,
1190 1361 1308 1428 Plato·
1355 1379 1357 1384 ·

220 1519 223 1530 ¹
252 1451 307 1513 nis
325 1460 359 1514 et
378 1451 538 1520 isocratis
561 1465 612 1516 tra
638 1474 697 1516 ens
715 1475 751 1516 se
768 1452 982 1537 disciplinae,
1004 1452 1205 1527 innutritus,
1227 1471 1308 1537 gra·

222 1545 228 1565 ⁸
253 1537 393 1601 sissima
411 1537 446 1600 in
461 1559 534 1624 rep.
550 1537 816 1606 Atheniensium
832 1560 974 1608 munera
994 1538 1213 1622 integerrima
1229 1558 1308 1621 ges-

254 1623 295 1686 sit
322 1619 410 1698 fids,
442 1625 538 1710 cuius
568 1628 700 1711 insigne
733 1628 977 1690 documentum
992 1624 1171 1702 habetur,
1204 1624 1307 1709 quod,

175 1769 184 1782 ,
253 1723 366 1857 prtum
381 1710 512 1773 aerario
529 1733 592 1798 per
604 1712 788 1778 duodecim
797 1713 851 1778 rel
868 1703 1063 1800 quindecim
1083 1729 1190 1776 annos
1205 1730 1309 1800 prae·
1335 1713 1339 1728 '

272 1798 394 1869 uisset,
417 1796 545 1860 reditas
559 1797 700 1862 cititatis
711 1802 752 1863 ad
762 1799 864 1863 MCC
878 1793 1045 1864 talentum
1067 1798 1203 1861 auxisse
1226 1807 1309 1858 nare

253 1887 361 1955 ratur,
384 1902 491 1967 quum
508 1885 603 1970 prius
619 1883 763 1950 fuissent
773 1882 849 1952 LX.
864 1881 1252 1951 meando-Plutarch.
1269 1882 1308 1947 itt

231 2043 235 2056 Ι
254 1965 348 2031 Vitis
358 1968 406 2033 X.
419 1966 557 2035 Orator.
579 1965 622 2034 T.
634 1969 676 2035 ll.
688 1994 718 2057 p.
730 1974 841 2039 8423.-
863 1972 906 2044 οἱ.
926 1967 1131 2061 Wolfius‘in
1150 1968 1305 2054 Prolegg.

253 2051 297 2117 ad
316 2053 493 2120 Demosth.
507 2058 581 2121 adv.
601 2057 701 2147 Lept.
745 2058 842 2124 ‚LX
867 2059 957 2125 Cum
976 2058 1230 2132 Demosthene,
1251 2055 1307 2119 fa·

251 2138 381 2206 miliari
409 2163 490 2221 suo,
522 2154 555 2208 et
580 2081 756 2231 Hyperide
783 2145 945 2234 Philippo
970 2145 1171 2222 Macedoni,
1192 2142 1307 2207 Athe·

251 2227 424 2291 niensium
444 2230 591 2298 libertati
604 2233 794 2306 insidienti,
812 2234 946 2298 fortiter
962 2231 1107 2306 obstitit,
1128 2241 1162 2295 et
1177 2231 1306 2294 civium

250 2312 494 2402 improborum
521 2318 660 2394 delicta,
692 2325 828 2402 ignavia
853 2327 912 2383 aut
937 2321 1122 2412 pervicacia
1148 2318 1305 2404 admissa,

250 2400 460 2488 implacabili
496 2401 576 2469 odio
605 2425 647 2469 ac
673 2406 849 2471 severitate
882 2408 1062 2473 insectatus
1090 2413 1141 2469 est
1173 2414 1307 2485 orator,

252 2506 324 2574 quo
342 2490 506 2553 meruisse
526 2486 697 2579 putandus
716 2503 782 2570 est,
805 2502 927 2557 utnon
943 2495 1040 2557 vivus
1057 2501 1190 2556 tautum
1209 2508 1307 2554 snm·

252 2577 422 2640 tna·inter
443 2578 628 2728 porlsulare's
646 2578 737 2644 lama
759 2590 793 2644 et
813 2582 1013 2645 auctoritate
1033 2574 1216 2655 frueretur,
1236 2578 1307 2654 sed,

252 2672 438 2813 Postquam
462 2662 496 2727 Ο
510 2662 653 2729 .CXlll.
677 2668 814 2731 circiter
831 2667 1015 2731 admodum
1032 2684 1139 2730 senex
1155 2665 1223 2727 vita
1245 2664 1307 2727 de·

270 2760 393 2813 unctus
410 2763 515 2829 esset,
538 2763 676 2817 mortuo
692 2763 820 2817 statuae
836 2752 873 2815 in
894 2752 1073 2816 Ceramico
1091 2770 1213 2816 aeneae
1230 2751 1307 2815 alii-

253 2854 320 2922 qne
340 2839 467 2902 summi
484 2838 635 2903 honores
652 2838 742 2904 haud
760 2839 868 2903 multo
890 2850 970 2926 post
988 2838 1165 2927 plebiscito
1188 2836 1307 2901 decer-

250 2933 426 2988 nerentur.
474 2924 669 2990 Vehemens
694 2935 814 2991 orator
829 2924 909 3003 fnit,
932 2928 1037 2991 animi
1061 2924 1307 2990 all'ectusiuti⁴

251 3024 331 3074 tnos
362 3012 536 3076 verissime
556 3014 719 3099 prodens,
752 3022 786 3077 et
807 3014 1012 3076 elocutionis
1036 3016 1201 3099 gravitate
1220 3012 1306 3076 insi·

252 3095 384 3180 guisii)
413 3098 625 3182 Quindecim
647 3100 719 3164 eius
737 3101 908 3168 orationes
934 3097 1046 3164 Photii
1071 3102 1171 3163 etiam
1199 3108 1306 3163 aetate

252 3181 462 3267 legebantur.
516 3183 596 3251 Una
612 3194 747 3252 tautum
770 3196 899 3251 servata
915 3194 983 3262 est,
1006 3197 1129 3251 contra
1149 3187 1306 3250 Leocras

253 3278 326 3335 tem
355 3268 621 3351 Atheniensem,
654 3275 713 3363 qui
735 3290 813 3359 post
840 3272 971 3337 cladem
993 3273 1034 3337 ad
1057 3270 1305 3346 Chaeroneam,

252 3353 376 3444 spretis
402 3376 487 3441 quae
513 3357 550 3421 id
579 3370 734 3426 vetarent
767 3357 919 3446 legibus,
952 3358 1075 3424 urbem
1100 3359 1305 3448 reliquerat,

250 3522 672 3551 w

290 3590 1302 3686 ufflmnmmmmwmmmmmmmummm

318 3681 470 3749 Muciam,
486 3701 539 3751 quo
553 3683 755 3741 Atheniensium
769 3685 838 3738 duee
854 3699 1000 3752 pugnatum
1013 3699 1054 3738 eet
1067 3686 1101 3736 ed
1115 3683 1305 3746 Chaeroneam,

319 3752 482 3811 fragmento,
500 3748 571 3817 qnod
589 3754 700 3803 servavit
714 3751 849 3804 Diodorus
868 3750 921 3803 Sic.
930 3753 1001 3804 XVI.
1010 3752 1054 3805 88.
1072 3788 1088 3813 ,‚
1099 3751 1183 3829 Bellis
1208 3751 1305 3814 inquil,

319 3817 492 3897 „praelectus
509 3819 595 3897 inisti,
613 3838 630 3869 o
644 3818 776 3888 Lysiclee,
793 3837 927 3887 quumque
944 3821 1043 3871 civium
1062 3820 1148 3870 millu
1163 3814 1302 3895 occubue-

319 3895 412 3948 ‚,r1nt,
430 3883 471 3963 hu
485 3887 563 3965 malle
583 3887 652 3952 cepti
675 3886 789 3968 suerint,
807 3901 949 3966 tropaeum¹
965 3886 1001 3965 de
1019 3885 1084 3966 urbe
1101 3884 1149 3934 hae
1172 3897 1306 3934 consutu-

317 3951 1306 4100 3:tidhltft'ttfttittttttstittt‘tttfflg'tsstli‘i

315 4106 1303 4226 ,tumst
