2942 4875
125 2873 133 2890 ·
248 2875 389 2965 terpret
413 2863 489 2927 Lat.
512 2864 710 2929 Lennclavii
736 2866 795 2929 rui

245 376 306 444 182
602 372 937 439 Zosruvs

240 527 331 594 notis
351 524 461 591 Hadr.
481 521 588 602 lunii,
615 525 663 590 H.
686 523 872 614 Stephani,
912 524 978 589 lac.
999 522 1164 605 Meus-sii,
1200 522 1290 589 Petri

240 612 440 693 hammer,
473 610 545 677 Gis.
571 610 721 701 Capeti,
752 609 788 676 F.
811 611 838 675 Ι.
862 610 985 690 Bastii,
1016 611 1233 696 aliorumque
1254 621 1289 675 et

241 702 312 766 suis
340 699 524 766 illustrarit
546 698 608 769 Io.
643 696 748 763 Conr.
784 697 947 764 Orelliue.
993 696 1080 762 Aac.
1106 695 1289 782 Anonymi

243 787 420 875 scriptoris
443 785 562 851 Latini
580 780 827 871 'l'opographis
856 781 951 849 urbis
973 783 1290 869 Constantinopoli.

244 887 342 941 unse
372 893 451 938 cum
473 873 562 936 uotis
591 870 763 936 Gnidonis
788 870 976 935 Pancirolli
1005 882 1040 935 et
1059 869 1099 936 C.
1123 868 1169 934 G.
1191 869 1292 958 Hey-

174 979 180 983 ·
242 962 294 1027 uii
320 948 401 1048 p'sre
425 959 765 1026 Commentationum
798 955 840 1021 de
868 957 1124 1044 antiquitatibus
1155 956 1293 1045 Byzan-

240 1049 343 1131 tinis,
366 1068 453 1134 quae
473 1047 514 1110 sd
527 1032 745 1132 Hesyabium
757 1038 1001 1109 illustrandum
1022 1045 1180 1131 pertinet
1202 1043 1293 1108 Cum

243 1133 416 1201 indicibus
438 1131 648 1197 necessariis.
681 1130 822 1218 Lipsiae
847 1132 940 1197 1820.
961 1130 982 1195 8
1003 1132 1084 1195 mei.

308 1220 515 1306 integriores
533 1217 641 1283 multo
658 1226 793 1281 exstant
806 1217 961 1300 Zosimi,
984 1217 1057 1281 fisci
1068 1216 1212 1285 comitia
1223 1216 1289 1282 sub

244 1306 443 1373 Theodosio
455 1303 499 1369 ΙΙ.
526 1305 640 1369 medio
663 1303 800 1368 circiter
820 1305 953 1369 sacculo
976 1303 1039 1382 V.‚
1060 1304 1292 1371 Ιιίειονίσνιιπι

242 1395 490 1460 Romanarum
511 1391 595 1456 libri
611 1390 696 1470 Vl,
718 1389 762 1455 ab
772 1392 923 1476 Augusti
945 1391 1160 1478 temporibus
1183 1412 1292 1477 usque

242 1480 286 1546 ad
307 1488 433 1546 a.410.
454 1479 491 1543 in
515 1475 638 1564 quibus
657 1475 855 1562 Dexippum
878 1490 911 1541 et
930 1477 1128 1561 Eunspium
1152 1480 1291 1564 potissi-

244 1589 343 1633 mum
365 1575 501 1630 secutus
525 1574 595 1643 est,
629 1563 782 1628 veritatis
809 1564 940 1641 studio,
974 1564 1092 1629 iudicii
1123 1565 1294 1643 acumine,

245 1673 427 1718 cansarum
445 1651 672 1716 decrescentia
693 1650 832 1737 imperii
846 1649 995 1716 Romani
1015 1649 1132 1714 subtili
1150 1651 1295 1737 indsga-

242 1742 355 1817 tione,
387 1739 534 1825 denique
557 1736 731 1802 orationis
744 1737 890 1824 puritate
920 1749 1018 1825 atque
1039 1738 1296 1825 perspicuitate,

194 1876 197 1881 -
243 1826 492 1892 historicorum
512 1825 672 1890 meliores
695 1824 929 1910 aequiperaus.
974 1825 1031 1889 Ab
1055 1829 1131 1913 ipso
1154 1835 1295 1889 auctore

246 1914 298 1979 bis
332 1913 462 1979 editum
495 1932 580 1997 opus
610 1909 677 1974 hoc
704 1910 857 1975 videtur:
889 1932 968 1976 uam
997 1910 1091 1997 quod
1120 1910 1296 1991 babemus,

245 1997 356 2083 ἡνία
385 1999 535 2085 ἱστορία,
568 1997 655 2083 sive,
688 1997 815 2059 Photio
839 2007 937 2076 teste,
967 1999 1102 2085 ἱστορία
1129 1998 1190 2078 τῆς
1215 2002 1296 2075 νέας

246 2084 406 2163 ἐκδόσεως
433 2086 599 2171 inscripta
622 2092 684 2147 est.
730 2083 835 2147 Plura
857 2094 973 2148 tamen
994 2085 1058 2149 sub
1080 2083 1186 2149 finem
1215 2085 1298 2149 libri

245 2171 342 2252 vla,
365 2192 451 2257 quae
474 2180 688 2258 temporum,
711 2170 833 2258 quibus
856 2171 927 2254 ipse
950 2170 1110 2235 Zosimus
1128 2169 1298 2251 interfuit,

243 2258 424 2324 historiam
438 2258 774 2344 complectebantur,
798 2258 962 2321 excidisse
975 2257 1076 2323 docet
1086 2259 1248 2346 Heynius
1257 2265 1297 2322 in

247 2354 413 2411 annotatt
437 2345 656 2410 Reitameieri
678 2344 821 2408 editioni
836 2344 1011 2425 subiectis,
1033 2346 1100 2409 nisi
1121 2355 1299 2409 auctorem

247 2454 333 2521 opus
354 2430 592 2520 imperfectum
622 2430 800 2517 reliquisse
827 2442 974 2496 statuere
1005 2431 1115 2498 malis.
1159 2429 1200 2497 In
1221 2432 1300 2496 edi-

245 2523 340 2585 tione
360 2520 520 2608 principe
541 2519 609 2583 duo
632 2528 765 2582 tautum
784 2520 917 2607 priores
937 2518 1014 2584 libri
1035 2517 1099 2586 Gr.
1117 2519 1238 2583 etht.
1252 2520 1297 2583 ab

246 2607 302 2674 Η.
327 2605 505 2695 Stephano
533 2605 616 2669 editi
636 2614 716 2669 sunt
747 2626 825 2669 cum
850 2604 1050 2670 Herodiano
1083 2606 1176 2670 1581.
1199 2609 1231 2669 l.
1263 2616 1301 2672 et

245 2692 414 2777 Lugduni
444 2690 536 2760 1611.
559 2695 590 2758 8.
635 2692 797 2771 Quatuor
827 2692 950 2777 reliqui
980 2702 1098 2779 postea
1122 2692 1244 2760 detecti
1276 2716 1299 2757 a

250 2779 355 2845 Frid.
382 2777 590 2866 Sylburgis‚
620 2798 689 2842 una
711 2799 792 2843 cum
815 2781 840 2843 Ι.
856 2790 897 2880 ,οι
919 2777 959 2842 lt.
984 2780 1115 2880 Graece
1139 2800 1219 2843 cum
1239 2780 1300 2843 in-

248 2952 418 3017 lusloriue
434 2952 539 3050 liam.
557 2952 707 3017 minores
728 2950 773 3014 Τ.
785 2865 1303 3038 liImFsriiiitctilfitiriqitbcfrssli.ni›libt

248 3038 318 3102 lior
338 3046 390 3101 est
409 3036 514 3101 editio
542 3036 743 3125 Christopli.
779 3036 927 3104 Cellcrii
949 3059 1028 3104 cum
1051 3039 1130 3105 Lat.
1152 3038 1300 3126 interpr.

247 3121 390 3190 Iaenucl.
413 3135 447 3189 et
457 3125 546 3189 uotis
569 3124 695 3190 rarior.
721 3121 820 3187 (lirae
835 3126 926 3213 1679.
940 3126 972 3190 8.
989 3145 1057 3189 rec.
1082 3122 1181 3189 lenae
1206 3125 1302 3212 ¹7¹&

248 3211 280 3278 8.
303 3211 361 3275 cui
381 3211 487 3295 longe
519 3221 634 3275 tamen
667 3219 815 3299 praestet
841 3212 1024 3277 norissima
1055 3211 1305 3276 1.F.Reite-

247 3298 373 3364 msieri
393 3298 525 3377 studio,
547 3318 628 3362 cum
644 3297 736 3362 inter
761 3308 821 3361 ret.
844 3298 920 3363 Lat.
945 3301 1035 3364 uotis
1058 3298 1133 3363 crit
1157 3306 1305 3361 ctcom-

246 3385 433 3464 mcntario,
455 3386 616 3450 subiectis
639 3384 682 3447 ad
705 3318 831 3449 cuicum
856 3385 1100 3450 animadversa.
1124 3384 1303 3449 nonnullis

253 3471 293 3536 C.
311 3472 354 3537 G.
374 3472 528 3560 Heyniu
550 3472 688 3558 Lipsiae
712 3471 805 3559 1784.
829 3472 859 3539 8.
894 3471 1068 3537 Premissa‘
1087 3480 1140 3536 est
1162 3471 1304 3535 editoris

247 3556 437 3648 disquisitio
454 3559 586 3624 erudita
600 3561 637 3623 iu
649 3558 827 3624 Zosimum
840 3560 979 3646 eiusque
1001 3557 1121 3638 fidem,
1144 3568 1306 3642 aetatem,

250 3645 357 3712 ritem
378 3658 441 3710 otc.
530 3669 534 3682 ·

315 3732 404 3797 Dani
430 3752 474 3796 us
494 3742 622 3798 servata
641 3740 693 3795 est
710 3731 799 3797 Iulii
818 3730 972 3797 Pollucis
995 3732 1192 3810 cuiusdam,
1215 3730 1306 3794 scri-

237 3820 357 3904 ‚ptoris
381 3755 588 3912 ebriatum,
620 3820 737 3882 aetatis
769 3820 940 3898 incertae,
974 3819 1127 3886 historic
1155 3819 1306 3908 physica

247 3906 292 3970 ds
308 3906 431 3972 mundi
443 3905 591 3996 fabrica
614 3928 657 3970 ex
676 3905 805 3970 Genesi
824 3918 857 3971 et
876 3906 1096 3995 sequentibus
1118 3906 1306 3982 chronicis,

249 3989 292 4056 ab
313 3993 396 4058 orbe
419 3994 557 4059 condito
580 4013 689 4078 usque
711 3992 756 4055 ad
778 3991 933 4058 Valentis
955 3994 1040 4081 imp.
1069 3994 1306 4083 principatum

252 4077 439 4168 (ibi-377
461 4104 497 4170 p.
515 4079 609 4167 cu),
633 4098 746 4168 nuper
768 4079 909 4146 demum
931 4101 949 4143 e
968 4079 1068 4149 codd.
1088 4102 1170 4147 mss.
1192 4079 1231 4145 in
1247 4078 1311 4142 lu·
1437 4175 1438 4178 Ἴ
