2942 4875
279 437 321 505 58
575 445 813 503 taceatis.
852 443 1043 503 aetrno

205 621 210 634 '
279 607 340 676 lv.
363 606 555 696 fragmenta
574 607 659 678 baec
685 609 796 674 multo
823 612 975 675 auctiora
999 609 1135 696 collegit
1152 620 1185 674 et
1201 631 1326 675 recena

276 699 353 761 suit.
400 699 440 761 ln
460 697 583 762 Alcaei
605 693 767 782 operibns
799 709 948 775 veteres,
982 711 1259 784 praeteriorum
1288 709 1324 761 et

277 784 524 869 cogitationum
557 783 709 867 copiam,
739 785 889 847 maxime
917 781 1073 846 admirati
1097 796 1177 848 suut
1204 784 1324 846 elocu-

244 878 248 886 '
276 870 379 934 tionis
404 869 626 942 brevitatem,
658 867 946 952 magnificentiam
970 881 1002 934 et
1027 870 1149 934 miram
1180 889 1324 933 accura-

275 959 418 1020 tionem.
462 956 617 1019 Homero
646 954 730 1016 adeo
759 956 947 1041 plurimum
973 956 1118 1021 similem
1148 956 1321 1042 praedicat
1356 1015 1360 1024 ,

278 1043 444 1107 Lesbium
471 1042 604 1128 poetam
627 1041 862 1120 Quintilianus
874 1041 919 1107 X.
939 1064 985 1116 r.,
1009 1055 1042 1106 et
1059 1065 1264 1130 qrramquam
1286 1044 1325 1108 iu

277 1128 373 1194 lusus
392 1139 425 1192 et
443 1149 575 1191 amores
593 1126 793 1200 descendat,
819 1129 1001 1193 maioribus
1017 1139 1130 1192 tamen
1158 1131 1325 1215 aptiorem

279 1216 488 1300 argumentis
503 1213 607 1277 inisse
627 1223 751 1277 censet.
784 1215 932 1278 Carmen
945 1214 1083 1279 xxix.
1102 1217 1191 1278 inter
1202 1217 1234 1279 'l'
1237 1217 1325 1278 beo-

281 1309 404 1376 critea,
435 1300 588 1365 Παιδικὰ
613 1300 833 1384 inscriptum,
864 1303 992 1365 Alcaeo
1020 1303 1192 1363 vindicare
1214 1323 1326 1388 nuper

282 1399 422 1452 conatus
445 1388 507 1451 Fr.
528 1385 751 1450 Ttiersclim
768 1388 803 1450 in
827 1387 1023 1476 Speciminc
1040 1389 1205 1451 editionis
1225 1389 1329 1475 Syna

310 1477 376 1540 caii
406 1472 585 1547 Platonis,
619 1470 911 1557 Gottingae1808.
937 1479 968 1538 4.
999 1476 1198 1560 opinionem
1226 1495 1325 1536 suam

282 1499 375 1625 iiand
397 1559 554 1644 probavit
578 1580 639 1621 neo
662 1559 863 1624 Hermanno
894 1560 950 1642 (ad
974 1561 1091 1646 Vigor.
1111 1563 1236 1646 p.9a5l
1260 1577 1324 1622 nec

284 1647 329 1711 Α.
350 1646 514 1710 Matthiae
542 1645 593 1730 (in
617 1645 734 1709 libello
762 1647 916 1710 scholast.
958 1649 1005 1711 De
1034 1647 1185 1710 carmine
1207 1645 1327 1710 Theo-

285 1736 393 1797 criteo
414 1729 542 1795 xlth
566 1732 704 1794 Altenb.
729 1735 823 1820 1815)
849 1756 911 1795 nec
932 1731 1146 1796 Blomlieldio
1168 1731 1223 1795 tl.
1237 1773 1277 1785 .-

354 1819 577 1906 Sopplronem
598 1818 758 1882 Lesbiam
779 1820 831 1882 rel
849 1820 1110 1907 Mitylenaeum,
1142 1821 1335 1904 aequalem,

287 1908 416 1980 civem,
439 1905 583 1966 amicam
602 1903 736 1980 Alcaei,
761 1912 885 1968 misero
907 1908 942 1968 iu
966 1905 1141 1969 Phaonem
1158 1907 1329 1992 perlidum

288 1988 818 2074 amorel,v.0vid.Herod.XV.l
847 2013 952 2078 aeque
973 1992 1201 2066 nobilitatam,
1230 2014 1328 2077 quam

288 2078 716 2150 carrrrirrum,unaximam
750 2085 878 2162 partem
909 2080 1090 2163 ἐρωτικῶν,
1125 2102 1210 2164 qnae
1233 2080 1325 2152 ludit,

288 2186 421 2230 summa
449 2162 491 2224 ad
520 2162 625 2224 animi
647 2173 760 2226 motus
788 2161 994 2249 affectusque
1014 2165 1256 2251 exprimendos
1284 2165 1326 2239 ri,

288 2253 413 2338 gratia,
436 2247 636 2325 dulcedine,
665 2271 767 2314 nemo
790 2253 932 2335 ignorat
978 2250 1043 2315 Sed
1066 2251 1213 2314 feminae
1232 2272 1328 2334 egre-

287 2341 367 2424 giae
386 2352 456 2400 no'n
479 2336 591 2398 minos
613 2347 700 2399 aetas
722 2359 822 2421 quam
845 2336 911 2400 fata
937 2349 1088 2400 extrema
1109 2351 1329 2401 controversa

290 2434 380 2490 sont.
436 2424 663 2488 Anacreontis
700 2429 791 2487 enim
828 2423 1036 2507 temporibus
1070 2448 1144 2489 eam
1173 2427 1332 2489 admovet

289 2512 551 2599 Herm-esionae
574 2517 609 2573 in
639 2511 745 2593 elegio
776 2509 816 2572 ab
847 2510 1023 2575 Athenaeo
1062 2512 1171 2589 (xlll.
1198 2536 1230 2597 p.
1251 2510 1332 2601 597)

291 2608 439 2667 servato,
462 2610 495 2658 et
513 2596 636 2660 saltum
655 2620 672 2658 e
694 2596 850 2660 Leucade
872 2602 1128 2683 promontorio,
1153 2622 1220 2681 qno
1234 2622 1334 2662 anso*

291 2688 341 2750 ris
360 2682 505 2747 infelicis
529 2684 638 2746 dolori
656 2684 844 2747 remedium
869 2687 1070 2770 ‹praesivisse
1094 2686 1194 2769 rotgo
1214 2687 1331 2771 perbi-

292 2771 415 2845 betnr,
454 2769 496 2831 ab
524 2770 587 2831 alia
614 2770 989 2853 mulierecognomine
1018 2771 1168 2834 eiusdem
1197 2775 1336 2857 patriae,

294 2878 419 2944 nempe
440 2855 585 2920 Eresaia
612 2855 811 2943 Sapphone,
842 2879 925 2941 quoe
946 2858 1055 2920 serius
1087 2859 1210 2922 vixisse
1239 2859 1335 2922 ride-

294 2956 370 3019 tur,
394 2951 559 3005 tentalum
578 2962 648 3005 ease
667 2941 811 3005 affirmat
824 2943 1026 3007 Athenaeus
1042 2942 1136 3008 thl.
1151 2957 1202 3010 al.
1221 2967 1339 3008 asseu-

279 3032 399 3101 ‚tiente
420 3027 475 3092 Fr.
496 3027 686 3112 Schlegelio
712 3040 747 3092 et
768 3028 956 3093 Viscontio.
1002 3031 1034 3094 Α
1063 3051 1200 3093 moram
1222 3044 1337 3097 autem

295 3117 457 3189 infamia,
489 3136 592 3200 qoam
615 3114 724 3179 multo
754 3124 829 3201 post
853 3115 1032 3179 hominnm
1056 3117 1169 3180 levitas
1190 3130 1222 3179 el
1244 3119 1337 3182 iuvi·

298 3204 353 3267 dia
376 3222 502 3285 magno
526 3202 674 3288 poetriae
695 3202 828 3269 nomini
855 3200 1056 3290 adspergere
1082 3203 1170 3267 hand
1202 3205 1339 3267 dubita·

298 3300 398 3367 runt,
419 3286 562 3374 pulchre
580 3310 655 3353 eam
671 3310 783 3375 nuper
803 3288 986 3353 vindicavit
1003 3288 1216 3353 doctissimus
1237 3293 1341 3356 ltet-

300 3379 419 3443 ckerua
447 3375 483 3437 in
511 3374 625 3437 libello
655 3377 713 3460 qui
744 3376 956 3439 inscribitur:
985 3375 1126 3463 Sappho
1146 3402 1210 3441 von
1228 3383 1341 3444 etnam

301 3463 551 3530 herraelcenclen
576 3461 781 3526 Vorurtlzeil
806 3460 932 3547 hefreit
955 3461 1139 3546 Gottingae
1154 3468 1243 3549 1817.
1256 3464 1285 3526 s.
1299 3503 1342 3517 -

299 3549 504 3614 Laudentur
524 3546 695 3609 veteribus
725 3544 879 3632 Sappbirs
905 3549 1054 3636 elegiae,
1082 3544 1183 3632 μέλἠ,
1212 3550 1341 3639 hymni,

299 3636 429 3709 acatio,
463 3630 622 3720 ἐρωτικά,
660 3635 931 3734 epigrammata.
986 3635 1189 3699 Attamene
1220 3659 1343 3701 novam

302 3722 493 3785 carminum
510 3721 581 3782 eins
603 3719 719 3793 libras,
742 3722 800 3805 qui
819 3720 899 3783 olim
918 3724 1094 3797 exstitere,
1120 3723 1343 3808 paucissimae

286 3872 290 3883 ,
303 3807 468 3895 quaedam
480 3806 659 3893 reliquiae,
677 3829 693 3867 a
710 3808 876 3892 Dionysio
888 3807 1000 3871 Halic.
1010 3854 1019 3885 ,
1030 3809 1191 3893 Longino
1203 3809 1343 3894 aliisque

303 3906 464 3969 servatae,
483 3892 738 3978 deperditorum
751 3894 887 3957 nonnisi
903 3896 1016 3971 acrius
1031 3896 1194 3959 instillant
1211 3896 1345 3959 deside-
1418 3927 1423 3941 ·

301 3982 404 4045 rium.
449 3980 596 4045 Aeolica
619 3989 652 4041 et
673 3977 756 4041 haec
777 4000 834 4042 usa
858 3990 908 4043 cst
926 3981 1093 4058 dialecto,
1122 3993 1156 4045 et
1176 3981 1344 4068 Sapphica

305 4066 442 4152 stropha
463 4087 568 4152 aeque
592 4065 715 4129 nobilis
737 4076 787 4127 est
807 4089 845 4130 ac
871 4078 1017 4131 metuam
1045 4069 1242 4147 Alcaicum,
1263 4069 1345 4132 Ηο-

306 4154 394 4221 ratio
416 4151 515 4217 toties
538 4149 698 4218 adhibita.
745 4150 875 4220 Odaria
893 4157 962 4221 duo
977 4157 1162 4243 integriora
1183 4168 1218 4222 et
1236 4165 1348 4225 cetera
