2942 4875
380 479 578 549 assason
604 479 741 546 Varus.
763 479 905 546 Mansa.
928 476 1042 548 Nava
1189 476 1249 562 167
1357 485 1367 529 ‘

203 658 283 744 ique
305 654 433 742 populo
456 648 633 718 deridendi
654 651 954 740 proponebantnr3
982 661 1133 717 ceterum
1156 650 1254 714 simi-

207 741 267 818 lis,
291 742 381 827 quad
393 743 438 822 xin
459 751 600 826 atraque
618 736 815 803 fabularum
835 750 931 802 erant
950 749 1162 829 argumenta
1176 758 1255 802 ma-

207 830 343 902 ximam
360 838 501 917 partem
520 825 674 912 politica,
697 825 739 890 ud
766 826 986 914 praeteritum
1014 835 1072 890 aut
1093 843 1256 908 praesen-

166 929 168 934 ’
206 925 276 978 tem
298 915 382 1002 reip.
402 924 527 977 statum
549 924 582 976 et
598 913 927 977 administrationem
946 913 1147 1000 spectantia:
1171 927 1257 996 quae

208 1000 337 1065 sublata
364 1001 501 1064 demum
527 998 685 1076 fuerunt,
716 995 861 1087 atfictis
881 999 1108 1084 argumentis,
1140 999 1257 1083 priva·
1288 1044 1294 1059 .

206 1096 323 1152 torum
354 1087 534 1151 hominum
561 1107 676 1163 casus,
709 1087 814 1150 vitam
845 1096 1027 1173 moresque
1055 1082 1259 1170 generaliter

207 1167 450 1248 referentibus,
474 1182 664 1251 cesserunt,
687 1192 730 1236 ex
759 1194 828 1258 qno
855 1172 1086 1242 Macedonum
1117 1165 1257 1255 regibus

208 1271 398 1364 paruerunt
415 1259 662 1338 Athenienses,
684 1259 776 1324 unde
792 1280 883 1323 nova
900 1268 971 1321 orto
991 1270 1042 1321 est
1058 1255 1259 1335 Contosolia,

208 1371 245 1414 aa
276 1369 339 1433 qna
363 1346 574 1416 Menander,
604 1345 800 1420 Philemon,
825 1344 1061 1433 Philippides,
1086 1342 1259 1444 Diphilus

211 1435 410 1521 Sinopensis
425 1430 709 1518 etstpalladarus
726 1431 947 1494 Atheniensis
967 1428 1258 1513 praestantissimis

212 1528 486 1588 annumerantur
499 1517 629 1602 poetis,
653 1527 685 1578 et
706 1514 855 1580 adonius
872 1515 1131 1581 similitudinem
1151 1534 1259 1600 quum

213 1607 392 1681 Plautinae
419 1613 453 1666 et
477 1602 705 1666 Terentianae
730 1600 865 1667 fabulae
892 1604 982 1666 inter
1004 1602 1179 1665 Romanos
1199 1601 1262 1662 ad-

214 1692 393 1756 umbratae
419 1698 511 1767 sunt,
543 1699 617 1752 tum
647 1688 736 1753 inter
763 1691 969 1753 recentiores
991 1688 1152 1776 populos,
1186 1693 1264 1773 past

215 1787 332 1844 renata
351 1776 541 1840 litterarum
557 1775 750 1862 artiumque
768 1776 895 1856 studia,
910 1775 1030 1863 po'e‘tae
1047 1776 1168 1839 comici
1186 1771 1265 1859 ple-

215 1865 314 1951 rique
326 1859 519 1927 fabularum
531 1873 727 1947 argumenta
740 1884 879 1928 suarum
891 1870 1171 1950 composuerunt.
1194 1856 1269 1922 Ca-

216 1962 328 2014 terum
346 1971 390 2012 ex
410 1948 542 2034 ingenti
558 1949 734 2034 poetarum
755 1947 1016 2036 fabularumque
1033 1946 1178 2036 triplicis
1197 1943 1266 2007 bn-

216 2038 269 2101 ius
296 2034 492 2100 comoediae
510 2036 644 2099 Atticae
666 2057 830 2111 numero,
854 2056 956 2123 quem
976 2034 1029 2099 vel
1048 2055 1091 2098 ex
1110 2031 1266 2099 Fabricio

216 2123 353 2188 Harles.
364 2121 455 2188 Voll.
465 2122 506 2188 11.
518 2143 551 2208 p.
565 2123 739 2188 405-506
750 2143 956 2206 cognoscere
969 2122 1064 2197 licet,
1079 2120 1181 2185 hodie
1195 2140 1267 2181 suin

216 2219 402 2297 supersunt
420 2210 486 2273 nisi
497 2208 659 2274 wadecim
670 2208 866 2274 comoediae
882 2211 1043 2297 integrae
1058 2207 1166 2272 salius
1178 2204 1268 2271 An·-

217 2297 417 2384 staphania,
438 2307 472 2358 et
493 2294 559 2372 reli
582 2316 707 2358 uarum
725 2317 841 2382 pauca
859 2293 1091 2384 fragmenta,
1114 2293 1267 2369 collecta,

217 2396 296 2471 past
324 2380 517 2447 Moralium
539 2318 695 2466 (loriano
717 2378 842 2463 1553.),
865 2379 1069 2446 Hertelium
1104 2378 1268 2467 (Basileus

223 2469 317 2535 1560.
330 2469 394 2555 8.),
418 2467 530 2530 Henr.
545 2464 762 2555 Stephanum
778 2466 902 2553 (Paris.
920 2467 1010 2555 1569.
1031 2469 1108 2551 im),
1131 2465 1172 2530 ab
1186 2464 1271 2529 Hu-

130 2616 133 2621 ,
218 2577 312 2643 gone
336 2552 463 2623 Gratia
485 2550 710 2637 inpraeclaro
730 2553 819 2616 libro
838 2553 1113 2641 supralaudato:
1137 2553 1272 2618 Excer-

218 2651 287 2731 pta
304 2663 346 2705 ea
363 2636 577 2728 Tragoediis
596 2640 630 2705 'et
656 2637 854 2706 Comoediis
871 2641 1033 2729 graecis,
1057 2639 1164 2704 Paris.
1182 2635 1271 2703 2626.

222 2735 254 2789 t.
278 2722 443 2814 Opimam
466 2723 739 2811 fragmentorum
767 2748 910 2790 messem
928 2749 1017 2790 nnus
1039 2722 1138 2790 affert
1159 2726 1272 2791 Athe-

221 2836 330 2879 naeus
345 2812 383 2876 in
403 2807 700 2898 Deipnosopbistis
716 2817 802 2891 suis,
826 2816 885 2899 qni
905 2814 1106 2901 octingenta
1125 2811 1272 2897 amplius

221 2899 357 2965 mediae
379 2897 577 2964 comaediae
596 2896 749 2963 dramata
782 2922 818 2963 se
844 2899 963 2985 legisse
981 2909 1131 2965 testatur.
1147 2896 1272 2964 tvltt.

222 3008 258 3074 p.
271 2985 345 3052 336.
369 2981 465 3049 Iuvat
485 2983 542 3047 bia
560 3005 731 3072 apponere
749 2986 967 3070 Quintiliani
991 2986 1155 3049 indicium
1179 2982 1273 3067 (inst.

225 3070 288 3135 Or.
299 3068 345 3135 X.
363 3073 421 3154 t·)=
444 3116 464 3150 ‚,
476 3071 648 3157 Antiqua,
670 3072 798 3158 inquit,
822 3070 1008 3139 Comoedia
1034 3095 1139 3160 quum
1161 3079 1276 3135 since·

225 3180 301 3224 ram
319 3155 413 3221 illam
430 3162 597 3220 sermonis
615 3158 723 3222 Attici
744 3160 889 3243 gratiam
917 3180 1022 3247 prope
1040 3159 1112 3224 sola
1142 3158 1275 3234 retinet,

226 3255 302 3308 tum
321 3241 581 3308 facundissimae
599 3241 782 3327 libertatis,
806 3248 870 3309 etsi
890 3257 941 3309 est
956 3246 991 3308 in
1004 3244 1209 3310 insectandis
1222 3244 1276 3309 vi-

225 3332 282 3395 tiis
303 3330 502 3431 praecipua,
524 3331 678 3421 plurium
694 3341 809 3395 tamen
826 3333 951 3397 virium
975 3334 1077 3397 etiam
1095 3337 1130 3397 in
1154 3329 1276 3394 ceteris

227 3416 382 3506 partibus
406 3415 520 3481 habet.
554 3416 646 3481 Nam
666 3427 700 3481 et
720 3419 858 3503 grandis
882 3429 915 3481 et
931 3419 1066 3503 elegans
1081 3428 1114 3481 et
1134 3426 1276 3481 venuste

226 3514 262 3568 et
278 3501 393 3567 nescia
412 3524 454 3566 an
474 3501 594 3571 illa...
620 3516 678 3568 ant
694 3504 838 3570 similior
859 3505 903 3569 sit
920 3505 1131 3582 oratoribus,
1155 3513 1212 3567 aut
1234 3501 1278 3567 ad

227 3599 377 3654 oratores
397 3586 575 3654 faciendos
595 3593 716 3677 aptior.
764 3590 886 3656 Plures
903 3592 974 3673 ejus
994 3603 1167 3669 auctores,
1189 3590 1278 3655 Ari·

226 3678 415 3768 stephanae
437 3686 553 3742 mmen
576 3686 609 3741 et
628 3676 796 3768 Eupolis,
821 3678 1055 3770 Cratinusque
1071 3676 1277 3766 praecipui.”

261 3867 303 3923 De
321 3865 557 3923 Comoediauetsri
568 3871 635 3921 inter
647 3862 701 3923 sisti
739 3888 769 3921 os
783 3872 945 3939 scripserunt
961 3871 1183 3940 Theophrastus,
1203 3868 1278 3920 cto·

293 3935 431 3999 maelean,
447 3936 646 3991 Eratosthenes
656 3951 682 3990 et
737 3938 865 4007 sophron.
891 3939 932 3990 Ds
944 3938 1033 3990 media
1047 3935 1194 3989 Antiochus
1208 3935 1279 3986 Alo-

292 4004 483 4057 notrum-
500 4005 752 4062 intermeantium,
769 4004 927 4063 Comoedias
941 4007 1054 4067 origines
1067 4006 1180 4055 maxime
1198 4020 1277 4054 sern-

293 4073 341 4123 tsti
354 4083 428 4122 suntt
450 4070 681 4125 maurentinus
695 4075 722 4123 in
734 4073 922 4140 Responsiane
948 4073 988 4124 ad
1002 4060 1150 4124 Censuraris
1166 4075 1193 4123 Γ.
1204 4073 1280 4137 Bay·

293 4138 325 4190 lii
338 4137 532 4191 dissertationis
542 4140 575 4190 de
591 4140 619 4190 B
635 4138 725 4190 istalis
740 4133 903 4190 Phalaridis
919 4157 945 4205 p.
955 4136 1094 4191 sot—¹15.
1111 4157 1143 4190 ex
1156 4155 1222 4187 vers.
1236 4141 1281 4188 la·

295 4207 349 4257 tint
364 4204 578 4274 Lennepitns.-
622 4204 786 4277 .Signorslli
798 4207 825 4256 in
841 4203 936 4258 Stena
951 4206 1052 4260 Critiae
1071 4204 1104 4256 de
1119 4205 1210 4257 Teani
1228 4222 1279 4255 sn-
