2942 4875
193 452 256 528 116
558 454 864 523 Pnsso

192 628 373 720 gessistis,
409 640 444 694 ct
468 627 536 695 fide
565 627 775 708 indubitata,
805 627 980 720 principes
1002 626 1155 716 dialogos
1175 649 1253 698 non

193 722 306 784 solum
328 728 524 795 enumerat,
546 717 605 781 sed
624 717 745 793 etism,
768 717 964 779 coniectura
981 717 1104 780 ductus
1121 717 1250 805 proba·

193 806 276 880 bili,
300 826 340 868 eo
361 804 480 867 ordine
500 803 663 879 collocat,
687 824 790 889 quos
811 802 952 866 Platone
974 808 1155 891 compositi
1176 824 1248 868 esse

195 895 388 959 videantur.
434 891 523 954 Suul
544 902 674 969 sutem,
703 912 789 974 quos
811 888 905 969 dico,
929 889 1128 968 Phaedrus,
1158 890 1251 956 Pro·

197 994 362 1070 ingeras,
396 976 640 1054 Parmenides,
673 977 874 1041 Disiectices
897 989 1072 1055 naturam,
1105 983 1249 1042 virtutes

193 1090 234 1135 sc
267 1068 433 1130 rationem
462 1063 691 1151 explicautesg
756 1084 836 1126 orro
861 1061 1087 1141 Theaetetus,
1120 1063 1251 1152 Sophi-

194 1166 271 1230 stc,
296 1151 485 1229 Politicus,
510 1148 671 1227 Phaedo,
696 1086 876 1225 Pir'lebus,
897 1150 1106 1213 inscientiae
1124 1148 1250 1214 huma-

193 1263 260 1305 nae
278 1244 416 1302 notione
434 1236 642 1300 enucleando
660 1237 811 1300 maxim
827 1237 1004 1324 occupati;
1026 1240 1172 1322 denique
1189 1237 1249 1322 qui

194 1327 266 1403 hir,
288 1346 374 1413 quos
394 1324 563 1400 diximus,
586 1321 728 1410 aliisque
744 1322 865 1388 similis
882 1324 1080 1408 argumenti
1094 1327 1247 1409 dialogis,

195 1415 292 1503 qussi
314 1412 582 1497 disputationum
615 1407 864 1489 fundamentis,
904 1413 1129 1496 superstructi
1156 1420 1248 1490 sunt,

194 1499 399 1592 philosophi
419 1507 548 1574 nostri,
570 1509 676 1562 aetate
695 1503 763 1561 iam
786 1498 954 1582 provecti,
987 1499 1030 1562 de
1052 1502 1193 1562 homine
1214 1508 1249 1562 et

194 1610 314 1656 rerum
330 1596 461 1650 natura
503 1585 613 1650 incita
625 1591 855 1660 continentes,
879 1584 1015 1649 Potitia
1032 1587 1103 1648 sive
1119 1595 1162 1649 ue
1176 1585 1248 1649 Re·
1284 1657 1290 1666 ,

189 1674 336 1768 publica
355 1672 434 1736 libri
486 1718 499 1748 ,
524 1670 707 1750 Timaeus,
729 1683 764 1742 et
779 1669 930 1744 Critias,
952 1673 987 1734 in
1008 1694 1077 1756 quo
1094 1671 1250 1736 scriben-

195 1762 240 1838 do
263 1779 381 1823 senem
402 1779 496 1821 mors
525 1761 715 1842 occupavit.
751 1757 933 1824 Vidl'lut.
956 1758 991 1821 in
1021 1769 1087 1824 ritu
1110 1759 1247 1824 Solonis

194 1869 226 1937 p.
242 1847 348 1947 96.-E.
378 1843 467 1909 Cum
490 1843 651 1908 undecim
671 1844 743 1922 his,
776 1845 848 1907 sine
866 1844 936 1906 ulla
960 1845 1169 1908 dubitatione
1186 1867 1248 1930 ge·
1308 1893 1312 1898 -

195 1935 333 2008 numis,
365 1943 400 1996 et
429 1930 622 2016 argumenti
649 1939 683 1992 et
710 1931 971 2014 compositionis
1000 1934 1248 1997 necessitudine
1319 1946 1324 1954 ‘

195 2020 342 2109 qsrsdsm
360 2038 399 2080 ac
420 2017 625 2102 cognatione
646 2020 839 2095 coniuncti,
862 2020 1008 2103 ideoque
1027 2040 1105 2082 vers
1128 2021 1247 2083 Plato·

194 2107 267 2173 uici
289 2126 361 2168 esse
383 2104 542 2167 videntur
566 2103 642 2167 viro
664 2104 765 2167 docto
788 2125 890 2190 quem
923 2104 1153 2183 laudavimus,
1182 2129 1248 2171 no·

195 2217 272 2263 vem
293 2201 351 2255 aut
370 2190 485 2256 decem
508 2190 633 2274 dialogi
657 2190 716 2277 qui
735 2191 988 2255 inscribuntur:
1023 2194 1060 2258 L
1078 2193 1145 2272 sis,
1171 2192 1248 2258 La·

195 2281 290 2354 cher,
318 2276 542 2353 (inarmides,
565 2275 764 2388 Eutyplnc,
800 2278 973 2365 Gorgias,
1055 2302 1136 2354 eno,
1170 2279 1249 2344 Eu·

196 2366 396 2466 thycicmus,
423 2364 602 2453 Crutyius,
631 2363 853 2442 convivium,
876 2366 984 2430 Libri
1002 2365 1084 2430 ΧΗ
1105 2366 1163 2432 De
1177 2368 1250 2430 Le·

194 2454 312 2541 gibau.
337 2453 499 2515 Severior
511 2450 636 2515 Aetius
649 2452 691 2514 V.
702 2451 753 2515 ct.
767 2453 929 2529 (Platon's
940 2450 1058 2516 Leben
1071 2479 1103 2517 u.
1114 2456 1151 2515 s«
1160 2451 1250 2525 hris-

196 2551 255 2604 teu
276 2538 415 2626 Lipsiae
430 2539 522 2602 1816.
542 2537 589 2625 8.)
610 2537 718 2601 tribus
736 2538 896 2623 dialogis,
924 2540 1079 2627 Gorgia,
1105 2539 1196 2605 Crat
1214 2542 1248 2602 lo

196 2634 232 2689 et
254 2625 436 2698 Convicio,
459 2625 629 2709 exceptis,
652 2647 755 2711 quos,
788 2647 868 2688 cum
890 2627 1050 2689 undecim
1076 2565 1249 2712 prioriiius

197 2713 283 2786 illis,
307 2713 441 2777 l’lstoui
459 2710 609 2776 vindicat
621 2713 731 2787 solos,
753 2736 814 2777 ses
824 2712 994 2799 reliquos,
1015 2714 1054 2776 in
1070 2715 1123 2776 his
1136 2719 1249 2792 etiam,

196 2819 255 2867 ms
271 2794 496 2885 suffragante,
517 2799 652 2887 Leges,
678 2798 937 2863 Platonicorum
952 2821 1096 2864 numero
1115 2802 1248 2864 eximit.

196 2928 240 2946 ..
272 2885 494 2974 Pro'epuriir
521 2905 601 2947 vero
629 2883 797 2950 habentor
826 2885 965 2962 Minos,
1004 2886 1065 2949 Hi
1113 2888 1249 2961 crenus,

202 2971 381 3061 Theages,
424 2974 657 3048 Antercstae,
695 2972 857 3071 Hippius
883 2973 1012 3051 minor,
1050 2912 1248 3072 Simplicis,

196 3070 342 3209 uteppus
352 3056 570 3136 Alcibiades,
593 3058 794 3145 Epinomss‚
818 3056 1067 3146 Defiiutiones.
1090 3060 1251 3124 Minoem

198 3154 233 3208 et
294 3144 593 3246 ippnrchumuna
615 3164 692 3207 cum
715 3142 803 3213 binis
822 3148 895 3208 aliis
915 3147 1074 3246 dialogis,
1100 3145 1251 3245 Platonis

197 3238 335 3298 uomitu
355 3241 555 3381 suppositis,
578 3229 638 3295 De
653 3231 753 3296 lusto
771 3253 809 3295 ac
832 3230 890 3296 De
909 3231 1071 3311 Virtute,
1094 3232 1253 3297 doctissi-

198 3340 277 3384 mus
302 3317 417 3381 Boeck
441 3317 496 3380 ius
520 3318 557 3380 in
578 3316 696 3381 libello
715 3317 775 3382 De
792 3317 952 3383 Plutonis
995 3321 1034 3384 ui
1052 3322 1156 3407 vulgo
1167 3320 1252 3409 ser·

199 3416 259 3470 tur
282 3403 424 3483 Minoi,
449 3403 670 3491 eiusdemque
687 3402 788 3469 libris
810 3404 853 3469 de
873 3343 1034 3490 Legiius
1054 3430 1087 3494 p.
1101 3428 1200 3494 7sqq.
1218 3415 1252 3469 et

199 3513 235 3581 p.
247 3491 388 3576 t3sqq.,
422 3511 484 3576 pro
511 3488 665 3554 Simonis
684 3486 907 3555 Atheniensis
930 3491 1091 3572 Coiiarii,
1124 3494 1252 3556 clJio-

198 3578 295 3664 gcnis
306 3576 435 3643 Ls'e'rtii
449 3572 673 3641 Collertsneis
693 3574 734 3640 ll.
747 3575 773 3667 i.
790 3597 860 3641 ran.
877 3577 947 3644 123.
965 3580 1171 3668 ctEpistolis
1184 3580 1251 3640 So·

199 3665 406 3729 ereticorum
424 3683 455 3749 9.
473 3683 521 3726 11.
538 3684 585 3726 in.
602 3663 651 3727 13.
667 3665 715 3727 18.
737 3663 811 3728 noti
831 3662 1013 3745 Socratici,
1035 3668 1171 3754 scriptis
1188 3666 1251 3728 ha‘·

198 3749 290 3829 buit,
313 3749 376 3813 sub
397 3749 616 3836 eiusdemque
633 3751 796 3833 nomine,
819 3759 956 3814 utente
981 3753 1072 3827 dixi,
1104 3761 1252 3840 quatuor

199 3861 308 3902 uriiios
329 3848 405 3924 post
422 3835 546 3913 edidit,
569 3837 634 3899 hoc
651 3837 781 3903 indice:
819 3835 975 3904 Simonis
996 3838 1190 3919 Socratici,
1210 3849 1253 3905 ut

198 3924 352 4000 videtur,
379 3922 532 4013 Diniogi
550 3935 716 4010 quatuor,
742 3923 801 3988 De
822 3923 939 4014 Lege,
970 3925 1028 3991 De
1046 3927 1158 3991 Lucri
1179 3926 1252 3989 (lu-

194 4011 338 4101 pidiue,
362 4008 422 4074 De
439 4010 538 4074 Iusto
556 4033 599 4073 nc
620 4008 663 4073 de
687 4008 842 4074 Virtute.
879 4011 997 4079 Additi
1024 4023 1104 4077 sunt
1128 4010 1254 4076 incerti

198 4098 348 4161 auctoris
370 4094 679 4184 Dialogi'Errxins
698 4105 733 4159 et
751 4098 942 4161 Antiochus.
979 4096 1109 4168 Graeca
1130 4122 1252 4163 recen⁴

199 4194 269 4250 suit
301 4192 336 4248 et
360 4185 506 4273 pinelat.
540 4185 693 4249 criticum
720 4186 896 4271 praemisit
919 4185 1017 4275 Aug.
1041 4184 1265 4254 Barcinis*
