2942 4875
210 482 272 545 164
435 469 1050 541 An11Tsacrcr.Aoarno

212 648 334 715 debere
363 647 524 711 videntur
546 647 700 736 subulae
723 643 898 724 sdirricue
926 642 1107 730 pleraeque
1133 665 1261 723 omues

212 758 355 824 quarum
379 735 538 821 irequaus
563 731 626 796 sub
648 731 778 796 Achaei
804 732 942 796 nomine
965 734 1093 795 mentio
1117 729 1156 794 fit
1176 731 1261 818 apud

212 822 443 889 Athenaeum.
457 859 496 871 -
519 819 585 881 Sed
610 819 717 882 multo
739 817 854 905 plures
881 817 1001 902 tragici
1013 831 1133 905 poetae
1157 819 1262 883 exsti·

214 919 331 971 terunt
351 929 443 969 nunc
472 905 654 992 deperditi,
677 906 782 968 trium
804 907 999 992 principum
1022 903 1161 970 illorum
1182 926 1264 992 par·

214 998 274 1059 tim
293 995 466 1079 aequales,
487 999 592 1078 inque
614 992 667 1055 his
684 992 748 1077 ipsi
767 1011 888 1055 eorum
904 991 965 1055 filii
978 1000 1012 1054 et
1030 1002 1170 1079 nepotes
1187 993 1265 1055 alii·

214 1103 279 1168 que
303 1081 505 1188 propinqui,
527 1091 565 1142 nt
586 1077 697 1154 Bion,
720 1088 754 1141 et
773 1076 832 1143 Eas
858 1080 998 1154 borion,
1021 1090 1052 1162 et
1082 1076 1266 1158 Philocles,

214 1173 272 1253 qui
289 1167 495 1254 bopboblem
522 1165 603 1229 vicit
628 1162 718 1230 Oedi
742 1188 801 1228 um
819 1102 955 1252 dlegem
979 1164 1173 1241 docentem,
1196 1161 1267 1227 hu·

212 1257 336 1406 piusque
357 1250 633 1400 filiiodriprraipprlpp
648 1260 697 1398 dt}
720 1251 947 1400 beerblntllim'
971 1271 1142 1399 neposque
1155 1250 1266 1359 fisty.

211 1359 480 1513 Affiffigptiolg·
497 1360 686 1486 ehgfemilih
699 1358 1000 1506 heschlynliffhiqdbl,
1021 1339 1264 1487 dldnaedrbbid‘li}

214 1513 251 1576 lii
282 1524 315 1575 et
345 1520 485 1595 nepotes
511 1509 673 1573 dicuutur
695 1505 756 1596 (cf,
776 1507 969 1573 Boeekhius
996 1514 1032 1573 in
1055 1506 1112 1573 lib.
1134 1509 1261 1575 didasc.

213 1621 246 1686 p.
262 1601 415 1684 3¹⁸qq·)3
438 1617 542 1682 porro
562 1595 744 1682 Sophoclis
762 1591 823 1672 filij
849 1596 987 1685 Iophon
1006 1608 1036 1658 ei
1067 1596 1205 1676 Aristo,
1227 1604 1263 1658 et

138 1713 142 1720 ’
213 1685 399 1773 Sophocles
413 1683 542 1759 iunior,
565 1702 606 1745 ex
625 1684 803 1746 ‘Aristone
819 1702 926 1769 nepos
943 1681 1148 1765 (Boeclrhius
1159 1704 1191 1767 p.
1205 1681 1263 1746 115

213 1794 228 1834 s
255 1775 319 1858 «ως
341 1770 515 1855 Euripidis
536 1768 741 1868 dem'qiaaes
766 1767 870 1830 lintre
896 1768 1002 1850 filius,
1025 1769 1140 1833 minor
1150 1768 1262 1832 dictus

211 1852 1020 2024 edlldlldlhebbr‘lddidrddildhgdnildldlbbllddandibh
1029 1877 1134 2004 lillibda
1139 1863 1261 2024 blaseii?

211 2038 307 2092 catur
327 2016 520 2090 Boeckhius
539 2024 562 2088 l.
574 2024 833 2113 c.cap‚XVlll.
846 2048 878 2112 p.
893 2037 1033 2114 safisqq.
1058 2037 1192 2114 praeter
1217 2047 1260 2091 ue

211 2116 275 2179 hoa
295 2112 352 2176 alii
372 2114 492 2188 multi,
514 2133 624 2198 usqua
646 2110 687 2174 ad
711 2111 903 2175 Alexandri
926 2113 975 2177 Μ.
1009 2123 1162 2200 temporo
1192 2051 1260 2178 do·

210 2210 341 2279 rentes,
364 2219 512 2286 qnorum
531 2219 669 2262 censum
690 2197 803 2262 rideas
827 2198 915 2283 apud
937 2198 1130 2263 Fabricium
1146 2199 1260 2265 BAEr.

210 2286 255 2350 T.
268 2285 309 2350 ll.
322 2307 505 2373 pappsqq.
534 2306 634 2371 quem
662 2291 847 2369 praegressi
877 2296 977 2349 erant
1009 2285 1188 2352 Meursiua
1222 2289 1261 2349 in

210 2370 418 2437 Bibliotheca
438 2393 568 2457 graeca,
585 2381 621 2434 et
635 2369 761 2437 Detrio
777 2374 812 2436 in
828 2371 1060 2459 syntagmate
1086 2372 1258 2461 Tragico-

210 2483 290 2527 rum
325 2458 509 2535 Veterum,
541 2456 688 2523 Senecae
714 2460 966 2543 tragoediarum
987 2460 1126 2524 editioni
1157 2480 1257 2546 prae-

209 2548 325 2610 misso.
370 2544 427 2608 Ex
449 2544 501 2608 his
525 2545 637 2609 solum
660 2545 887 2627 Agathonem
909 2543 1256 2610 commemorabimus

210 2628 476 2708 Atheniensem,
499 2630 659 2717 Euripidi
690 2630 1011 2707 lumiliarissimnm,
1043 2639 1192 2720 primam
1219 2633 1258 2696 in

211 2721 395 2783 certamine
404 2722 537 2800 'tragico
549 2717 723 2781 victoriam
737 2715 952 2804 Olympiadis
963 2716 1041 2783 XC.
1052 2741 1142 2783 anno
1154 2741 1259 2803 qnar-

209 2817 246 2868 to
269 2815 425 2877 nactum,
448 2806 485 2866 in
511 2805 617 2866 cuius.
633 2804 772 2867 aedibus
799 2804 1004 2873 Convivium
1024 2826 1124 2868 suum
1153 2805 1255 2869 Plato

210 2890 312 2956 linxit
338 2890 492 2964 divinus,
523 2891 659 2976 poetam
688 2878 927 2953 amoinissimo
958 2889 1095 2977 quidem
1128 2891 1259 2976 ingenii

210 2980 306 3040 cultu
339 2980 585 3076 conspicuum,
617 2975 775 3062 famaque
807 2977 895 3038 iuter
926 2976 1155 3041 Athenienses
1179 2978 1259 3041 ittu-

210 3074 334 3140 atrem3
358 3059 455 3126 uobis
475 3074 586 3125 autem
608 3074 787 3148 propterea
805 3062 1006 3141 notabilem,
1030 3063 1121 3149 qnod
1143 3074 1260 3127 tumo-

208 3171 246 3213 re
268 3161 301 3213 et
323 3152 422 3213 niinis
444 3150 778 3234 quaesitaoratioois
801 3148 964 3231 elegantis
987 3164 1093 3213 artem
1119 3161 1259 3234 tragoe-

209 3238 300 3313 diae,
324 3237 420 3298 enius
450 3256 581 3298 summa
608 3236 716 3298 virtus
742 3242 778 3298 in
810 3243 949 3300 veritate
982 3246 1016 3298 et
1040 3237 1258 3323 simplicitate

209 3330 377 3401 cernitur,
403 3322 533 3408 primns
558 3328 749 3407 corrupisse
772 3321 905 3385 dicitnr.
938 3319 1138 3406 Fragmenta
1160 3324 1258 3406 Aga·

208 3407 321 3473 thouis
344 3408 508 3472 nonnulla
537 3407 674 3493 collegit
695 3409 807 3494 Hugo
834 3408 977 3473 Grotius
995 3410 1030 3472 in
1049 3409 1136 3472 libro
1156 3430 1258 3495 prae·

207 3496 432 3570 sterilissima,
456 3496 648 3580 summique
671 3495 817 3577 ingenii,
840 3495 920 3557 artis
944 3505 978 3557 et
1002 3497 1175 3561 doctrinae
1195 3497 1252 3558 iu·

208 3582 378 3645 credibilia
425 3591 665 3647 monumento:
700 3580 881 3667 Excerpta
907 3603 951 3645 ex
981 3581 1017 3645 Τ
1013 3583 1191 3669 rugoadiis
1221 3589 1256 3645 et

210 3668 407 3732 Comoediis
422 3667 585 3745 Graecis,
603 3667 737 3730 Parisiis
756 3665 1059 3737 sanissimos.
1077 3666 1257 3731 Bentleius

127 3826 130 3830 ,
205 3756 241 3818 in
264 3755 406 3818 Dissert.
432 3756 473 3816 de
503 3752 532 3814 E
559 3752 667 3817 iatolis
688 3751 883 3837 Euripidis,
907 3776 951 3816 ex
970 3754 1070 3816 latina
1089 3750 1258 3837 Lennepll

205 3849 361 3906 versione
392 3862 425 3926 p.
438 3839 522 3905 aas
549 3838 666 3925 ‚Lips
699 3840 744 3904 A.
765 3837 826 3901 W.
849 3838 1037 3925 Serlegelii
1062 3839 1258 3903 Vorlesuu·

204 3949 270 4013 gen
301 3926 387 3988 iiber
407 3925 513 3993 dram.
533 3924 648 3989 Knnst
668 3924 901 3988 minueretur
924 3926 967 3988 Τ.
981 3926 1004 3989 l.
1019 3947 1050 4010 p.
1065 3944 1139 4012 270.

216 4020 221 4033 ¹
248 4013 364 4092 Qunrn
377 4011 455 4074 belli
467 4010 747 4098 Peloponnesiaci
757 4009 827 4089 (Ol.
836 4010 978 4076 LXXX
988 4013 1011 4071 V
1020 4012 1060 4077 ll.
1074 4007 1249 4077 1.-XClll.

202 4105 274 4164 aa.
289 4098 567 4162 chaam-roa.
599 4098 793 4162 tristissimo
814 4100 910 4161 exitu
932 4097 1194 4162 Atheniensium
1215 4118 1258 4158 o-

201 4208 259 4275 pes
280 4185 423 4260 fractae,
445 4194 480 4249 et
496 4183 671 4275 aliquanto
693 4195 788 4273 post,
810 4206 926 4272 pugna
952 4183 995 4249 ad
1021 4183 1257 4249 Chaeroneam
