2942 4875
309 461 1079 522 ’11111111010111011111101111
1185 453 1229 536 ²¹9

183 631 277 700 1656.
290 629 321 692 8.
339 630 376 691 in
399 626 652 712 Gnomologico
674 621 854 710 graecolat.
873 620 956 684 ibid.
982 618 1080 698 1564,
1102 619 1227 706 impri-

180 721 246 785 mis
280 717 317 779 in
355 713 469 803 Opere
495 736 601 777 aereo
633 721 667 774 01
690 709 895 774 scholastico
919 707 1056 793 Lipsiae
1079 707 1169 793 1577.
1193 713 1224 770 1.

180 807 259 871 Jec.
281 801 480 878 Hertelius‚
504 798 653 862 Basileae
670 798 750 862 1560
778 807 813 859 01
839 793 960 861 15618.
987 793 1041 858 Jo.
1066 793 1173 857 Pauli
1191 794 1229 858 in

169 887 411 973 ,Gnomologia
421 897 483 949 etc.
498 883 658 973 Upsaliaa
674 881 993 966 ittae-denique
1008 880 1104 943 Racl.
1119 880 1228 944 Win-

183 986 339 1040 tertonna
365 977 399 1038 in
419 965 531 1037 Po'e'tis
550 969 741 1035 minoribus
760 967 908 1053 graeciS,
929 978 962 1029 et
982 966 1176 1030 Brunckins
1188 966 1226 1030 in

183 1061 497 1210 lGaomicispolitae
515 1059 679 1140 Graecis,
698 1066 843 1141 uterque
855 1054 990 1146 saepius
1009 1076 1029 1117 a
1048 1052 1146 1117 uobis
1158 1059 1228 1116 iam

202 1147 352 1213 cudatur.
903 1157 908 1181 ¹

653 1307 681 1407 1.
702 1307 755 1384 ss.

247 1480 421 1558 Successit
440 1479 533 1553 aliud
556 1486 726 1574 quoddam
754 1479 880 1573 elegiae
898 1477 1075 1574 gnomicae
1102 1489 1222 1571 genus,
1275 1545 1278 1556 ,

180 1581 242 1645 sed
269 1603 287 1640 a
310 1580 425 1664 priore
451 1578 553 1660 louge
577 1574 759 1641 diversum.
805 1575 912 1638 Nulla
942 1575 1034 1637 enirn
1059 1579 1147 1636 vitae
1170 1597 1226 1636 sa-

180 1668 318 1756 pienter
335 1657 559 1725 instituendae
581 1666 733 1727 continet
754 1672 955 1750 praecepta,
979 1659 1036 1722 sed
1057 1682 1167 1722 meras
1187 1661 1228 1723 de
1310 1675 1314 1684 '

181 1747 456 1818 vitaehumanae
476 1748 596 1825 malis,
620 1759 763 1812 naturae
785 1750 857 1833 lege
876 1744 1168 1832 impendentibus,
1187 1747 1228 1808 de
1286 1811 1289 1823 k

184 1858 354 1901 annorum
369 1849 403 1902 01
414 1835 594 1898 iuventutis
617 1857 656 1899 ac
673 1835 941 1922 pulchritudinis
955 1832 1055 1918 fuga,
1079 1833 1228 1894 demor-

184 1916 253 2003 ln's,
289 1922 460 1986 laboribus
489 1933 522 1985 ct
545 1924 716 1986 aerumnis
733 1923 948 1994 mortalium,
977 1921 1018 1983 de
1041 1922 1225 1981 senecintis

181 2004 413 2075 incommodis
432 2019 464 2073 et
479 2008 662 2088 molestiis,
688 2012 878 2096 mortisque
904 2007 1117 2078 necessitate,
1141 2027 1227 2090 ques

178 2098 279 2161 relas.
307 2094 422 2172 Unde,
440 2096 644 2159 discriminis
665 2116 782 2175 causa,
804 2095 948 2159 fortasse
967 2093 1129 2177 tragicam
1148 2113 1225 2155 eam

101 2229 105 2240 ‹
180 2182 347 2271 appellari
376 2204 478 2268 posse
499 2183 641 2265 elegiam
665 2194 779 2246 censet
805 2182 1034 2245 Sclrneiderus
1057 2203 1091 2266 p.
1103 2179 1155 2242 36.
1183 2179 1227 2240 Et
1320 2259 1326 2276 ι

179 2269 284 2336 huius
307 2271 481 2346 inventio,
513 2282 603 2332 certe
627 2290 758 2332 summa
780 2268 943 2353 perfectio
967 2267 1089 2329 louurn
1118 2266 1226 2328 animi

178 2355 343 2422 mollitiae
371 2355 570 2428 tribuenda,
593 2376 702 2440 neque
722 2365 828 2419 aetate
856 2354 1078 2418 sententiosas
1096 2349 1227 2432 elegiae

178 2442 326 2508 inlerior
349 2443 495 2507 videtur.
539 2443 649 2521 Nam,
679 2443 759 2506 licet
784 2446 818 2505 in
840 2440 1043 2506 Archilochi
1076 2443 1225 2523 qtrorlam

179 2529 395 2613 fragmento,
419 2538 458 2591 ut
476 2529 563 2603 dixi,
588 2529 756 2593 eiusmodi
774 2524 990 2615 querelarum
1002 2530 1070 2588 iarn
1084 2528 1226 2609 vestigia

180 2616 347 2701 quaedam
377 2614 694 2700 deprehendantur,
726 2632 824 2679 verus
851 2629 963 2678 tamen
999 2635 1037 2675 ac
1064 2615 1223 2700 princeps

176 2702 282 2766 huius
303 2696 429 2787 elegiae
446 2713 565 2765 auctor
576 2703 747 2789 putandus
760 2713 809 2765 est
823 2701 1057 2765 Mimnermus
1075 2722 1115 2760 ex
1129 2699 1225 2762 Ionia

183 2789 434 2876 Colophonius,
458 2788 595 2852 Solonis
621 2788 787 2875 aequalis,
820 2792 909 2851 circa
929 2784 1074 2873 Olymp.
1100 2783 1224 2850 XLVI

178 2897 209 2938 a.
231 2874 381 2962 (311596.
404 2876 534 2951 clarus,
557 2875 652 2939 cuius
672 2875 862 2939 suavissimi
878 2874 996 2961 po'e'tae
1011 2894 1117 2958 pauca
1137 2894 1223 2958 quae

177 2973 365 3049 supersunt
383 2962 596 3046 fragmenta,
619 2966 709 3025 inter
721 2963 906 3051 gnomicos
926 2959 1129 3044 plerumque
1148 2960 1223 3022 edi-

175 3050 229 3123 la,
251 3070 269 3110 a
289 3040 466 3114 Brnnckio
487 3050 587 3133 etiam
611 3050 648 3111 in
671 3049 848 3117 Analectis
873 3047 916 3109 Τ.
930 3046 955 3109 l.
982 3069 1014 3132 p.
1027 3046 1098 3121 60,
1131 3046 1223 3109 iute-

177 3136 333 3220 grorumv
348 3157 490 3221 opernm
512 3137 680 3199 iacturam
706 3135 816 3197 multo
846 3133 996 3197 reddunt
1016 3124 1222 3219 graviorem.

178 3219 223 3283 01.
237 3221 358 3293 Horat.
385 3212 468 3307 epp.
482 3222 506 3285 l.
524 3220 555 3284 6.
579 3233 666 3288 extr.
690 3220 731 3285 11.
752 3243 781 3285 a.
806 3240 875 3286 101.
920 3221 1014 3283 Idem
1034 3221 1070 3282 iu
1093 3221 1223 3281 maiore

180 3309 347 3384 carmine,
369 3308 450 3372 item
462 3309 664 3395 deperdito,
688 3309 782 3392 quod
805 3307 1013 3382 atibiciuae‚
1036 3328 1149 3391 quam,
1169 3317 1222 3367 ta-

177 3395 280 3459 metsi
308 3415 430 3471 senex,
472 3395 570 3479 gravi
597 3394 732 3459 saucius
760 3415 876 3456 amore
897 3393 1058 3478 deperiit,
1082 3394 1222 3455 nomine

179 3472 315 3545 Nauna
350 3482 543 3567 inscripsit,
577 3482 732 3547 creticae
763 3481 833 3544 sive
864 3482 1048 3544 amatoriae
1086 3478 1222 3565 elegiae,

178 3557 333 3630 (lucentis
353 3567 488 3631 circiter
507 3567 604 3631 annis
620 3579 697 3653 post
714 3568 822 3655 magis
839 3564 1049 3651 frequentari
1071 3575 1221 3651 coeptas,

176 3646 400 3718 fundamenta
424 3655 513 3723 iecit.
557 3644 597 3716 lu
620 3654 780 3716 tristioris
805 3665 916 3717 autem
939 3653 1130 3739 argumenti
1150 3654 1221 3715 ele-

176 3742 229 3827 gis
249 3740 317 3803 illis
336 3741 417 3805 licet
433 3740 547 3826 plures
558 3739 650 3803 haud
661 3738 762 3803 dubie
778 3764 849 3803 sese
865 3741 1096 3815 exercuerint,
1120 3761 1222 3803 nemo

176 3836 315 3901 tamen,
363 3837 416 3891 ost
436 3827 708 3901 Mimnermum,
731 3831 838 3912 magis
856 3829 1001 3893 eminuit
1016 3850 1116 3911 quam
1133 3825 1220 3891 Ceus

179 3849 396 3989 Simeonis,
420 3914 624 3997 longaevus,
648 3935 727 3976 nem
759 3937 778 3976 a
800 3914 949 3977 secundo
975 3935 1067 3978 anno
1090 3912 1220 4002 Olym-

174 4001 284 4088 piaclis
306 4002 420 4063 LVtao
446 4022 554 4087 usqne
583 4000 625 4062 ad
646 4011 804 4086 quartum
828 3999 1089 4075 LXXVllmae,
1116 4002 1223 4088 559.»-

176 4090 242 4176 469
265 4110 293 4152 a.
314 4082 377 4151 Ch.
401 4098 478 4153 ante
497 4098 531 4150 et
549 4081 640 4151 inter
656 4087 745 4150 bella
764 4086 900 4149 Persica
923 4088 1025 4168 vitam
1047 4089 1222 4175 produxit,

178 4198 282 4262 quem
303 4177 341 4240 in
359 4174 494 4244 melicis
514 4175 616 4240 etiam
641 4173 852 4240 carminibus
876 4189 1003 4239 novem
1024 4176 1222 4264 principum

995 4285 1013 4351 7
