2942 4875
413 419 742 472 APOLLONIVS
772 416 1003 512 RHODIVNS
1190 423 1234 490 ²9

225 569 252 616 1.
273 566 301 614 C.
315 562 412 612 :toanis
422 559 670 612 Animadversiones
684 560 716 611 sd
730 555 906 613 llicaudrmn.⁸
918 555 1154 622 Vitehergscrwfi·
1168 553 1193 608 4.
1202 545 1237 596 «ἶ

289 631 440 680 Selinusiae
457 630 485 678 ia
502 629 634 678 Selinun-
653 653 685 662 -
721 631 780 680 Yon
800 629 842 676 ius
859 629 885 675 in
905 625 1055 676 Emcadstt.
1074 625 1101 674 in
1123 623 1238 688 Snidam

287 711 314 748 ct
336 695 451 763 Hesych.
468 719 503 756 :-
535 693 688 747 Dmttliua
704 692 774 744 ade
808 695 938 757 siconem,
961 693 1069 759 passim.

561 939 565 948 ,
639 846 671 929 §.
699 844 771 909 115.

258 998 329 1078 Qui
342 996 507 1060 hactenus
525 995 787 1060 commemorati
803 1008 884 1061 sant
900 1019 918 1062 e
932 996 1065 1062 Pleiade
1075 995 1237 1061 Alexam

187 1085 286 1148 drina
310 1087 446 1169 poetae,
468 1083 543 1149 fere
564 1083 603 1146 in
622 1093 826 1166 argumento
852 1085 947 1148 tenui
968 1104 1007 1148 ac
1028 1082 1143 1146 subtili
1162 1083 1233 1146 ela·

188 1171 366 1234 bararaut.
411 1168 506 1248 „Qui
533 1189 617 1236 vero
648 1169 787 1255 spiritus
811 1192 945 1234 sumere
969 1179 1002 1233 et
1031 1170 1074 1234 ad
1102 1167 1235 1233 heroici

187 1245 348 1320 carmiilis
379 1256 526 1343 glorium
568 1253 739 1339 adspirare
772 1276 873 1319 ausus
911 1266 979 1336 est,
1021 1255 1235 1339 Apollonius

188 1343 368 1423 Rhodius,
393 1341 536 1429 politus,
559 1352 741 1419 venustus,
761 1344 931 1419 eruditus,
958 1351 1099 1405 arastus
1120 1341 1233 1428 poeta,

187 1431 224 1491 in
244 1429 359 1513 operis
381 1449 531 1505 summa,
553 1429 692 1512 eiusque
713 1428 910 1492 inventione
929 1437 963 1492 c't
982 1428 1024 1489 ad
1045 1428 1134 1515 epici
1154 1447 1230 1492 car·

185 1514 288 1578 minis
306 1517 457 1579 rationes
480 1514 719 1599 dispositione,
741 1514 853 1577 minus
873 1511 961 1578 felix
983 1509 1086 1576 fuisse
1107 1511 1233 1598 depre-

186 1599 371 1668 nendicans*
392 1605 442 1689 a),
485 1599 596 1663 Natus
622 1604 652 1662 is
677 1597 924 1677 Alexandriae,
972 1608 1006 1661 et
1032 1593 1263 1664 Callimachi·

185 1686 391 1771 discipnlus,
413 1686 600 1751 admodum
616 1690 766 1765 iuvenis,
789 1707 895 1773 quum
912 1685 1002 1750 edita
1018 1707 1038 1750 a
1053 1705 1089 1747 sa
1105 1685 1232 1749 carmi.

184 1793 228 1836 na
255 1773 472 1856 cecidissent,
493 1793 531 1835 ee
573 1771 703 1835 itudine
722 1794 761 1837 ac
781 1773 912 1859 pudore
931 1770 1059 1850 victus,
1081 1772 1116 1835 in
1132 1769 1231 1835 Rho·

185 1858 268 1923 dum
296 1860 442 1925 insulam
463 1879 528 1946 pro
545 1868 638 1922 ectus
658 1869 725 1936 est,
756 1859 874 1945 ibique
894 1869 1002 1923 artem
1022 1856 1230 1938 rhetoricam

183 1963 248 2045 per
266 1944 406 2030 aliquod
427 1957 562 2034 tempus
584 1965 663 2009 cum
687 1944 787 2010 laude
814 1947 984 2027 docuisse,
1022 1955 1058 2007 et
1084 1944 1231 2008 civitatis

183 2052 259 2096 rnre
284 2028 327 2093 ab
358 2033 503 2096 Rhodiis
531 2033 678 2095 donatus
708 2053 780 2095 esse
811 2028 941 2112 fcrtur3
979 2029 1071 2095 unde
1091 2029 1235 2097 Rhodii

184 2138 375 2203 cognomen
403 2120 434 2181 ei
454 2119 601 2181 haesisse
623 2127 716 2205 puta.
762 2118 802 2181 lu
831 2119 978 2207 patriam
1002 2109 1134 2193 red‘tttt',
1165 2115 1230 2181 Bi-

89 2267 99 2278 ,
183 2202 370 2269 bliothccee
388 2201 641 2268 Alexandrinae
665 2202 829 2291 praefuit,
852 2195 1139 2269 Eratosthenisiu
1160 2204 1230 2267 hoc

183 2310 326 2354 munere
348 2312 539 2368 successor,
569 2301 732 2373 regnante
753 2290 951 2356 Ptolemaeo
969 2289 1013 2355 V.
1032 2289 1230 2376 Epiphane,

181 2376 261 2441 inde
287 2377 329 2441 ab
358 2376 414 2444 01.
434 2373 594 2440 CXLVI.
618 2395 644 2440 ι.
674 2387 752 2440 ante
773 2373 812 2441 C.
831 2377 876 2442 N.
898 2376 970 2464 196.
1025 2397 1070 2440 uo
1091 2378 1228 2441 circiter

182 2473 340 2546 tempore
366 2466 457 2527 inter
488 2460 666 2526 Romanos
695 2462 835 2529 Ennius
857 2462 974 2527 floruit
1033 2463 1226 2548 lautusque»

188 2550 236 2612 Vt
255 2548 486 2636 Lycophron,
507 2544 654 2625 Aratus,
678 2548 905 2614 Callimachus
927 2550 1051 2635 aliique
1069 2546 1226 2612 Alexan-

183 2634 275 2698 drini
293 2636 426 2722 pactae,
448 2636 484 2699 in
503 2636 731 2720 grammaticis
749 2647 782 2699 et
797 2636 967 2700 historicis
984 2635 1104 2699 studiis
1118 2655 1229 2720 aeque

183 2731 335 2785 versutus
356 2730 428 2786 crat
448 2743 550 2809 quam
570 2721 605 2784 in
625 2722 783 2808 poeticis,
806 2722 1046 2808 doctrinaeque
1062 2742 1142 2785 suae
1161 2742 1226 2787 va·-

182 2808 242 2871 riis
263 2808 359 2871 editis
384 2808 542 2895 operibus
572 2809 710 2872 dederat
739 2808 955 2873 documenta.
1001 2808 1087 2871 Solis
1109 2820 1228 2873 mmen

182 2895 450 2980 Argentanum,
472 2896 570 2980 apice
587 2895 731 2958 carmini
748 2895 783 2957 in
797 2895 845 2961 lV
864 2896 969 2959 libros
986 2895 1113 2973 diviso,
1134 2905 1226 2958 tem-

181 3000 245 3065 pus
267 2984 428 3068 pepercit.
473 2981 577 3062 Quod
604 2983 724 3066 poema
752 2980 986 3061 Quintilianus
1008 2981 1079 3069 (X.
1103 3001 1128 3045 ι.
1149 2982 1225 3063 ill.)

181 3090 252 3131 non
264 3069 549 3132 contemnendum
561 3068 643 3131 dicit
659 3092 745 3157 opus
756 3068 898 3168 aequali
914 3068 1068 3157 quadam
1088 3067 1224 3132 medio-

182 3155 325 3234 critate,
357 3146 459 3215 huius
481 3164 656 3219 auctorem
678 3157 722 3217 ob
743 3153 778 3217 id
803 3176 915 3239 ipsum
938 3152 1125 3219 ἄπτωτον
1152 3154 1174 3214 i.
1192 3174 1222 3216 e.

182 3238 288 3303 nullis
311 3240 408 3303 vitiis
435 3239 637 3318 obnoxium,
679 3263 763 3324 quae
793 3262 914 3322 magna
938 3240 1114 3303 interdum
1142 3258 1223 3322 prc-

181 3325 444 3408 muntingenia,
467 3327 614 3412 appellat
624 3327 811 3413 Longinus
828 3328 892 3411 (De
905 3325 1088 3408 snb1.33.).
1113 3321 1223 3388 Com-

180 3413 364 3476 mendatur
380 3410 462 3474 illud
480 3412 618 3498 quidem
640 3413 804 3477 orationis
829 3413 1048 3500 politissimus
1062 3412 1220 3496 puritate,

181 3498 348 3582 elegantia
382 3507 416 3560 et
442 3498 672 3586 simplicitate,
714 3501 755 3562 ad
784 3499 1005 3564 Homericam
1033 3496 1220 3578 accedente,

181 3583 357 3648 doctrinae
377 3586 479 3648 etiam
501 3586 731 3672 exquisitioris
759 3585 874 3669 laude,
909 3603 1075 3669 versuque
1096 3605 1221 3647 nume-

178 3691 267 3753 roso*
281 3682 315 3734 et
334 3672 482 3735 suaviter
495 3670 631 3737 lluente.
678 3670 762 3748 Sed,
784 3671 813 3734 si
830 3695 846 3735 a
866 3671 982 3758 paucis
1002 3671 1087 3741 locis
1106 3690 1222 3733 reces-

178 3758 281 3834 seris,
324 3779 411 3844 quae
442 3767 614 3858 tamquam
641 3757 768 3822 lumina
794 3758 965 3844 reliquum
997 3777 1133 3822 carmen
1163 3757 1218 3819 di-

179 3845 375 3930 stinguunt,
408 3856 499 3911 caret
517 3847 553 3909 id
575 3844 643 3910 illis
667 3842 865 3931 virtutibus,
898 3853 970 3911 siue
992 3840 1115 3931 quibus
1138 3845 1219 3908 nul-
1263 3924 1268 3932 ,

211 4120 238 4186 ¹)
253 4122 368 4193 Etenim
385 4126 412 4177 ia
426 4124 527 4191 opusc·
544 4121 628 4177 dead·
646 4122 717 4178 M
739 4140 766 4191 p.
779 4124 822 4178 82.
844 4123 882 4178 cl.
890 4122 956 4176 ibid.
973 4141 1000 4191 p.
1011 4124 1054 4193 95.
