2942 4875
223 423 285 498 iffi
505 423 983 494 As1sa01ssss

219 612 274 668 tua
292 597 511 679 Aristoteles,
535 599 707 689 duplicem
726 601 874 666 docendi
890 602 1092 666 methodum
1107 599 1273 664 adhibuit:

219 687 472 775 philosophiam
499 689 765 753 reconditiorem
793 699 827 751 et
856 689 1086 763 subtiliorem,
1127 708 1192 772 qua
1225 711 1271 753 ex

217 775 408 866 principiis
427 794 460 837 et
482 775 597 839 causis
620 777 765 839 interior
785 798 902 839 rerum
927 785 1047 838 natura
1069 774 1111 836 ad
1138 775 1189 837 rei
1212 798 1269 838 ve-

220 863 366 926 ritatem
384 862 550 944 exigitur,
570 865 696 950 paucis
708 862 1117 948 tantumjhmiharihus,
1139 862 1265 945 ingenii

220 949 377 1013 acumine
397 968 436 1012 ac
457 950 606 1012 sollertia
636 949 947 1038 praepollentibus,
976 948 1267 1033 investigandique

219 1034 330 1100 labori
347 1035 479 1098 assidua
497 1038 743 1100 exercitatione
762 1037 917 1113 assuetis,
940 1036 1092 1116 tradens;
1115 1056 1157 1097 ex
1175 1058 1270 1098 conr·

219 1122 383 1188 munibus
398 1133 511 1186 autem
523 1122 617 1202 vulgi
628 1123 851 1212 opinionibus
859 1125 1080 1211 populariter
1091 1123 1271 1198 disserens,

218 1229 404 1295 rerumque
425 1211 651 1293 argumentis,
699 1209 798 1272 uibus
823 1212 1053 1274 meminerat
1074 1208 1269 1295 probahili-

218 1299 302 1373 tas,
326 1306 427 1359 utens
448 1320 566 1361 coram
587 1232 761 1374 omnihus,
795 1307 964 1382 quotquot
983 1293 1269 1379 disputationibus

218 1382 291 1448 eius
312 1382 475 1448 interesse
498 1383 624 1446 velient
644 1384 699 1469 (cf.
715 1383 846 1446 Gellius
859 1383 939 1446 XX.
952 1383 1006 1466 5.).
1040 1385 1152 1463 Quam
1170 1402 1268 1443 eam·

218 1465 299 1533 dem
319 1470 494 1538 doctrinae
515 1468 745 1534 diversitatem
766 1472 807 1532 ad
828 1470 937 1535 libros
963 1491 1099 1559 quoque
1123 1469 1269 1552 scripta-

217 1576 301 1644 que,
325 1557 447 1643 quibus
467 1568 581 1622 totum
602 1558 869 1645 disciplinarum
890 1556 940 1621 ad
950 1556 1211 1644 philosophiam
1234 1565 1270 1617 et

216 1654 367 1708 naturae
384 1644 570 1709 historiam
586 1646 840 1729 pertinentium
862 1645 1033 1708 ambitum
1061 1665 1131 1706 riou
1152 1641 1267 1704 solum

215 1751 372 1794 emensus
394 1743 459 1807 est,
482 1730 539 1793 sed
560 1730 601 1794 ad
624 1743 734 1795 certos
757 1732 856 1813 etiam
866 1728 961 1831 fines
982 1730 1174 1813 limitesque
1188 1731 1267 1816 pri-

216 1837 294 1880 mua
315 1839 490 1881 revocasse
506 1818 693 1901 putandus,
717 1817 926 1882 transtulisse
945 1839 1022 1879 euin
1039 1818 1076 1878 in
1089 1838 1165 1878 com
1194 1825 1267 1876 erto

216 1910 283 1980 est,
305 1908 352 1965 ita
369 1915 407 1966 ut
424 1904 515 1967 alios
533 1904 571 1967 ia
590 1903 705 1991 vulgi,
738 1904 829 1968 alios
850 1907 888 1968 in
899 1903 1146 1993 familiarium
1166 1839 1268 1966 lisam

214 2000 441 2078 componeret
460 1992 741 2068 commentarios,
775 1994 838 2053 hos
860 1990 1029 2076 appellans
1051 1990 1267 2053 acroamati-

216 2098 290 2153 cos,
322 2075 399 2138 illos
423 2078 622 2141 exotericas.
649 2076 921 2140 V.doctissimus
939 2078 1089 2142 Buhlius
1110 2074 1269 2138 iuCom-
1296 2129 1299 2136 ,

214 2170 319 2225 metit.
342 2165 384 2226 de
406 2163 653 2229 distributione
673 2165 844 2229 librorum
863 2166 1066 2229 Aristotelis
1088 2164 1126 2226 ia
1150 2177 1267 2226 exote-

213 2249 304 2317 ricos
334 2260 367 2313 et
392 2251 650 2315 acroamnticos
681 2253 822 2340 eiusque
847 2251 1045 2316 rationibus
1081 2261 1114 2312 et
1143 2251 1267 2328 causis,

216 2332 401 2419 Gottingae
423 2335 513 2423 1786.
541 2346 571 2402 8.
602 2347 635 2400 et
656 2341 815 2401 secundis
846 2339 936 2403 curis
964 2358 1081 2400 recusa
1109 2335 1145 2399 in
1171 2335 1265 2435 Opp.

213 2420 322 2490 Arist.
346 2423 493 2486 editione
521 2423 565 2489 T.
576 2422 602 2489 I.
627 2448 659 2510 p.
676 2427 830 2513 107-152.
878 2425 933 2491 Ex
960 2424 1092 2510 ingenti
1114 2446 1197 2487 vero
1221 2424 1266 2486 Ιι-

215 2506 358 2572 brorum
378 2532 542 2587 numero,
576 2534 660 2598 quos
688 2515 815 2577 summi
836 2524 868 2575 et
897 2515 1061 2576 immensa
1090 2511 1265 2575 doctrinae

214 2596 317 2686 eopia
335 2598 493 2661 instructi
516 2600 662 2683 ingenii,
695 2601 730 2665 in
761 2623 829 2686 quo
851 2598 1056 2673 formando,
1090 2598 1171 2683 quid
1193 2595 1266 2660 effi·

215 2704 292 2747 cere
313 2695 443 2769 posset,
465 2697 605 2770 experta
626 2710 698 2751 esse
720 2689 857 2753 ridetur
877 2699 1015 2766 natura,
1042 2684 1265 2773 philosophus

218 2769 385 2854 antipae,
408 2771 490 2836 ditm
507 2774 608 2852 vixit,
631 2776 668 2839 in
690 2775 799 2839 lucem
821 2775 985 2850 emiserit,
1015 2784 1089 2850 aut,
1116 2774 1149 2835 id
1173 2772 1265 2859 quod

219 2857 261 2921 de
281 2857 437 2945 plurimis
461 2861 600 2925 credere
620 2861 715 2939 licet,
745 2867 890 2948 scriptos
908 2860 1054 2925 necdum
1073 2861 1181 2923 editos
1199 2880 1267 2923 uua

216 2964 294 3009 curn
316 2944 520 3010 bibliotheca
542 2971 600 3011 sua
629 2948 892 3037 Theophrasto,
925 2947 1091 3033 discipulo
1111 2968 1174 3013 suo
1195 2947 1267 3009 cla-

216 3032 354 3098 rissimo
376 3042 475 3120 atque
497 3036 532 3098 in
553 3035 669 3098 schola
691 3037 895 3113 successori,
927 3037 1103 3121 reliquisse
1124 3036 1266 3116 dicitur3

216 3119 393 3182 nullorum
415 3120 580 3186 iacturam
608 3143 714 3208 aeque
743 3122 925 3187 dolendam
948 3144 1020 3187 esse
1049 3123 1265 3197 arbitramur,

217 3226 257 3269 ac
278 3207 366 3271 τῶν
387 3208 613 3291 Νομίμων
636 3221 667 3272 et
690 3212 977 3288 Πολιτειῶν,
1000 3212 1034 3274 in
1053 3232 1121 3295 quo
1146 3209 1266 3271 iiltimo

218 3314 341 3378 opere,
371 3304 411 3356 ut
430 3296 475 3357 ait
496 3294 617 3359 Cicero
637 3297 777 3375 (Defin
790 3298 908 3382 rt),
941 3299 1098 3362 omnium
1110 3298 1195 3385 sere
1213 3298 1266 3360 ci·

216 3382 388 3456 vitatum,
421 3406 489 3446 nou
515 3383 686 3449 Graecina
710 3387 824 3449 solum
842 3385 906 3450 sed
927 3386 1035 3449 etiam
1055 3384 1264 3458 Barbariae,

218 3488 349 3544 mores,
382 3467 546 3533 instituta
565 3494 607 3534 ac
628 3464 834 3560 disciplinas
855 3481 1069 3557 exposuerat.
1116 3472 1186 3550 Qui
1207 3493 1266 3531 su-

217 3564 359 3637 persunt
382 3556 556 3641 potiores,
589 3556 631 3619 ed
659 3559 730 3622 tria
755 3581 878 3643 genera
905 3557 1085 3621 commode
1111 3557 1267 3621 revocari

216 3653 370 3725 possunt.
417 3641 443 3705 l.
460 3640 577 3728 Opera
592 3644 837 3732 philosophica
854 3642 1056 3732 Orgar'rum,
1079 3644 1182 3707 libros
1201 3655 1265 3706 tres

217 3727 259 3789 de
277 3727 478 3802 Rhetorica,
496 3730 725 3795 Rhetoricam
736 3733 786 3795 ad
793 3732 1053 3808 Alexandrum,
1076 3754 1164 3820 opus
1181 3753 1265 3818 spu-

215 3813 323 3887 rium,
362 3812 404 3877 ab
433 3816 654 3880 Anaximene
677 3820 921 3909 Lampsaceno
946 3821 1154 3882 .rerisimiter
1180 3841 1266 3881 cou-

216 3901 382 3985 scriptum
401 3906 442 3964 tv.
456 3902 671 3988 Spaldingius
683 3908 722 3967 ad
737 3905 882 3983 Quintil.
896 3906 953 3969 ΙΙΙ.
965 3912 1033 3992 4.9.
1051 3921 1083 3969 et
1094 3906 1135 3969 ll.
1156 3907 1200 3968 15.
1217 3922 1265 3967 ιο.

215 3986 369 4052 Buhh'ns
389 3989 422 4051 in
444 3989 581 4072 praefat.
604 3991 645 4052 ad
667 3990 811 4056 Aristot.
838 3993 917 4056 Vol.
935 3992 978 4057 V.
1002 4017 1033 4079 p.
1049 3994 1208 4082 Neam),
1232 4003 1265 4054 et

219 4072 377 4139 Poeticae
401 4075 655 4159 fragmentum
692 4079 876 4167 Phr-sicam
901 4101 1001 4142 seusu
1035 4081 1156 4142 latiore
1186 4082 1265 4143 cum

215 4158 493 4252 Mateorologia,
536 4176 571 4229 et
593 4165 917 4256 Methaphysicum,
958 4179 1031 4230 tum
1059 4167 1193 4232 Ethiea
1223 4165 1265 4230 ad
