2942 4875
376 486 543 536 Encas
575 485 738 535 Pousis
770 484 1005 561 carcinus.
1186 465 1227 531 15
1303 491 1306 498 ·

165 647 321 712 curatius
350 641 607 728 cognoscendae
626 644 718 707 haud
740 644 812 706 sine
833 663 957 727 magno
980 639 1216 704 emolumento

164 732 323 801 adhiberi
338 754 456 818 posse,
472 741 549 815 post
564 734 664 810 alios,
687 731 820 816 egregie
833 751 944 815 nuper
964 728 1081 790 docuit
1093 726 1226 814 Birge-

164 846 226 889 rus
252 818 462 882 Tkorlacius
486 817 522 879 in
554 818 788 904 disquisitione
809 816 1029 901 gravissima,
1055 811 1227 875 multum-

168 929 238 992 que
256 927 365 966 novae
386 904 471 965 lucis
491 906 553 966 toti
572 904 651 970 linio
668 903 969 978 locoaflundcnte,
994 922 1079 988 quoe
1100 899 1226 962 inscri-

164 993 279 1055 bitur:
302 990 411 1054 Libri
422 991 682 1066 Sibyllinamm
693 993 817 1057 veteris
828 991 1005 1068 ecclesiae,
1025 987 1120 1063 crisi,
1137 1008 1225 1072 qua-

165 1088 266 1140 tenus
283 1090 504 1141 monumenta
530 1080 714 1145 christiana
734 1087 829 1154 suut,
851 1075 994 1140 subiecti
1020 1085 1158 1138 auctore
1181 1072 1223 1138 Β.

174 1163 243 1230 Th.
270 1165 418 1227 Halniae
447 1166 538 1228 1815.
564 1171 593 1229 8.

205 1284 278 1340 Ant.
297 1304 355 1336 von
374 1285 453 1338 Dale
474 1285 509 1336 de
532 1286 651 1338 oraculis
668 1285 821 1339 Amstelod.
847 1281 920 1334 1683.
934 1280 990 1333 8..-
1007 1281 1041 1333 B.
1060 1281 1098 1334 de
1114 1280 1224 1333 Fonte·

276 1354 354 1407 nette
376 1355 502 1406 Histoire
515 1357 563 1406 des
576 1356 712 1418 Orscles,
731 1357 809 1406 Paris
829 1351 1073 1422 1698.·Hardion
1095 1352 1123 1400 iu
1134 1351 1223 1404 Mem.

273 1423 309 1474 de
323 1422 430 1474 t'acad.
449 1427 497 1473 des
510 1425 610 1475 lnsrcr.
621 1426 653 1474 Τ.
666 1424 718 1474 ΙΙΙ.
740 1423 917 1474 DeBrossaes
933 1420 1001 1471 ibid.
1020 1419 1054 1469 T.
1066 1419 1225 1471 XXXV.-

275 1492 435 1545 Brutum
455 1493 490 1542 de
513 1493 653 1544 oraculor.
672 1492 808 1545 Graecor.
830 1493 940 1558 origiue
958 1486 1122 1539 etindolc-
1135 1489 1227 1540 Creu·

275 1563 335 1611 seri
359 1560 535 1627 Mythologie
551 1581 576 1612 u.
591 1561 737 1628 Symbolik
750 1560 783 1610 T.
798 1559 817 1609 1.
843 1578 869 1626 p.
887 1554 1040 1626 196·203-
1063 1556 1229 1608 clavier-do

277 1628 585 1698 praecipuisOracnlis
603 1630 742 1680 Veterum
761 1647 790 1680 v.
807 1625 927 1693 intellig,
950 1625 1024 1675 Blatt
1051 1625 1078 1675 d.
1092 1623 1230 1676 lenaisch.

279 1700 314 1749 A.
335 1697 409 1750 L.Z
441 1697 505 1748 1816
524 1699 575 1748 Ni·⁴
596 1697 667 1748 28-
690 1698 755 1750 Dav
783 1695 909 1748 Blande!
936 1693 992 1745 Des
1015 1691 1138 1760 Sibylles
1159 1691 1232 1745 cele·

280 1767 361 1817 luces
381 1778 441 1817 tant
463 1785 513 1836 par
532 1769 689 1835 l'antiquite
714 1785 842 1835 payenue
868 1782 920 1832 que
941 1781 990 1828 par
1010 1760 1049 1813 les
1070 1760 1120 1816 SS.
1138 1760 1233 1823 Peras,

278 1834 439 1887 Charentes
462 1835 535 1902 1649.
547 1840 562 1885 t
575 1867 602 1876 -
622 1837 661 1888 Is.
685 1836 714 1888 V
712 1835 855 1888 ossiusde
866 1832 985 1899 oioytty.
999 1828 1138 1890 Ornculis,
1159 1829 1234 1880 Oxo·

281 1904 344 1954 niae
371 1903 475 1955 nosa-
492 1904 577 1956 Petri
595 1905 688 1957 Petili
708 1904 743 1953 de
755 1903 863 1972 Sibylla
885 1902 952 1954 libri
963 1911 1039 1960 tres,
1058 1898 1093 1950 Li
1116 1917 1136 1949 s.
1158 1895 1232 1949 1686.

278 1970 334 2023 8.-
351 1969 431 2025 Serv.
450 1972 568 2026 Gattaei
599 1976 670 2026 Diss.
696 1976 730 2024 de
751 1971 887 2040 Sibyllis,
908 1966 1048 2022 Amsterd.
1075 1916 1153 2020 1588.
1170 1969 1228 2020 4.-

280 2038 417 2096 Fabrscii
437 2042 510 2098 Bibl.
529 2043 582 2097 Gr.
605 2045 638 2097 T.
651 2043 673 2096 1.
694 2062 720 2112 p,
732 2058 860 2112 usp-290.
878 2041 959 2094 Harl.

645 2197 671 2289 s.
694 2187 751 2262 is.

240 2369 299 2435 Ab
318 2366 371 2432 his
390 2368 606 2435 Graecorum
623 2367 731 2458 poe'sis
755 2369 860 2433 initiis
882 2363 1047 2456 profecta,
1068 2365 1131 2429 etsi
1156 2386 1235 2430 sae-

178 2455 498 2545 culorumcliquot,
521 2461 713 2521 litterarum
729 2455 860 2521 lumine
871 2476 1009 2541 prorsus
1028 2455 1231 2533 carentium,

177 2544 379 2619 intervallo,
403 2567 447 2607 ex
469 2548 605 2630 antiqua
626 2548 734 2632 patria
756 2566 832 2621 sua,
865 2541 1035 2606 bellorum
1057 2541 1235 2604 diuturni-

179 2642 267 2706 tate,
287 2632 461 2694 civitatum
485 2631 783 2705 conversionibus,
807 2626 1016 2718 populorum
1034 2627 1114 2691 alias
1135 2628 1249 2691 sedes‘

182 2719 417 2804 quaerentium
435 2720 614 2805 ingruente
631 2725 676 2795 vi,
695 2723 793 2781 miris
804 2716 914 2780 modis
926 2725 1051 2801 vexetq
1064 2725 1164 2799 atque
1183 2725 1237 2778 at·

180 2807 279 2878 trita,
302 2815 436 2869 tantum
456 2829 524 2867 uon
548 2807 705 2870 exulasse
723 2798 874 2883 videtum
897 2810 1022 2888 quanta
1039 2811 1162 2877 tomen,
1184 2802 1235 2866 ad

183 2890 286 2954 aliud
298 2895 425 2955 sensim
442 2916 556 2978 genus
576 2892 726 2971 deflexa,
749 2892 811 2955 sub
823 2887 925 2953 Asiae
936 2889 1118 2953 mitissimo
1139 2887 1236 2952 coelo

182 2978 311 3063 ceperit
322 2978 552 3056 incrementa,
573 2980 755 3045 Homerica
766 2980 955 3063 loquuntur
972 2975 1124 3040 carmina
1138 2995 1234 3037 nun-

185 3084 288 3148 quam
310 3065 499 3130 interitura.
530 3058 690 3131 vVatibus
714 3068 805 3130 euim
830 3064 1092 3151 antiquissimis,
1115 3060 1237 3147 religi·

184 3171 292 3215 onum
315 3172 353 3213 ac
376 3152 642 3237 mysteriorum,
675 3153 790 3241 legum
813 3162 913 3237 atque
938 3150 1091 3214 culturae
1115 3159 1238 3212 aucto-

182 3237 298 3315 ribus,
322 3259 513 3302 successere
533 3241 712 3305 Musarum
734 3245 949 3325 interpretes,
972 3258 1096 3321 regum
1118 3244 1152 3296 et
1173 3235 1237 3296 he·

184 3344 287 3388 roum
331 3326 430 3387 amici
462 3325 729 3413 familiaresque,
767 3336 801 3388 ct
833 3324 997 3391 consortii
1035 3322 1137 3386 huius
1161 3343 1238 3384 am-

186 3408 371 3498 plitudine,
401 3422 434 3474 et
465 3413 659 3498 gravissimi
688 3414 841 3478 muneris
869 3430 1003 3473 summa
1030 3409 1234 3472 auctoritato

189 3498 384 3583 conspicui,
408 3502 467 3583 qui
482 3521 536 3587 res
552 3500 722 3563 maiorum
744 3509 776 3562 et
797 3496 990 3584 aequalium
1009 3515 1152 3559 suorum
1165 3505 1239 3559 ter-

186 3604 229 3647 ra
247 3584 332 3647 meri
357 3606 399 3648 ue
413 3595 539 3671 gestas,
563 3587 720 3649 Deorum
739 3586 890 3649 maxime
908 3584 1037 3647 credito
1061 3587 1240 3644 interven-

190 3679 230 3733 tu
252 3607 444 3748 munifica,
464 3672 502 3734 iu
517 3694 637 3758 regum
661 3695 699 3737 ac
715 3672 914 3758 principum
935 3668 1041 3755 epulis
1065 3667 1107 3735 ad
1126 3666 1238 3730 citha-

189 3778 266 3820 ram
294 3769 470 3821 canerent:
490 3762 689 3847 novamque
709 3758 776 3822 hoc
798 3759 939 3846 po'e‘seos
964 3775 1089 3840 genus,
1119 3754 1237 3817 heroi-

192 3865 248 3919 ca,
274 3852 311 3905 ut
328 3846 478 3922 videtur,
512 3857 621 3909 uelato
641 3857 781 3924 uatum,
812 3867 892 3907 cum
917 3842 1062 3906 coloniis
1087 3838 1242 3905 Graeco-

191 3951 289 4003 rum,
318 3943 397 4016 post
420 3932 547 3996 Troiae
568 3934 763 4009 excidium,
791 3933 827 3996 in
856 3930 960 3998 Asiae
982 3928 1124 3992 minoris
1144 3950 1242 3993 oram

192 4017 391 4106 insulasque
412 4020 597 4105 adjacentes
620 4021 786 4097 delutum,
813 4016 860 4081 ibi
882 4026 1019 4081 centum
1041 4014 1112 4079 fere
1130 4036 1243 4079 anno-

192 4125 273 4169 rum
291 4109 418 4193 spatio,
441 4107 593 4193 plurium
618 4117 797 4171 cautorum
821 4103 1017 4171 communia
1038 4104 1147 4166 studia
1163 4112 1243 4165 tan-

194 4201 314 4283 topere
328 4192 562 4278 celebrarunt,
587 4205 637 4279 ut,
659 4195 787 4287 paratis
807 4194 878 4259 ium
898 4212 1017 4258 rerum
1040 4201 1075 4255 et
1096 4187 1244 4255 cultissi-
