2942 4875
138 455 141 462 Ι
197 369 242 434 ss
438 401 467 428 a
637 386 848 437 socca

195 534 400 627 toyoiperoe,
423 562 476 605 aa
517 541 624 609 nioris
647 544 763 609 aetatis
783 542 1026 632 scriptoribus,
1048 553 1089 608 ut
1104 542 1236 610 Pausa·

195 630 274 707 nia,
297 628 418 705 relata,
453 629 488 691 lu
514 630 729 716 imagistrum
758 628 905 694 Athenis
932 652 1012 695 eum
1035 629 1161 709 fuisse,
1180 632 1236 695 al-

194 725 271 780 tero
294 713 381 803 pede
403 715 583 798 claudum,
615 716 776 780 stolidum
796 718 897 781 etiam
919 732 953 782 et
972 723 1148 792 insanum,
1167 719 1238 782 sci·

197 824 257 867 ens
290 803 535 889 praetermitto.
579 803 702 888 Neque
728 810 821 867 enim
843 806 928 868 tanti
947 815 1042 884 suut,
1066 818 1103 869 ut
1123 805 1233 869 iisdi-

196 889 288 957 utius
309 890 515 955 immoreris.
560 888 626 952 Sed
656 891 731 954 vide
750 889 998 955 Schneiderum
1018 891 1041 957 l.
1056 890 1078 954 l.
1098 914 1132 979 p.
1146 912 1237 977 risq.

260 973 455 1076 Elegiarum
467 985 579 1075 autem
590 976 734 1064 Tyrtaei
745 983 873 1077 maiora
884 979 940 1041 illa
957 977 1147 1079 fragmenta
1158 999 1240 1042 cum

193 1062 701 1227 tttt‘jttttt’lilttti
725 1064 852 1215 tlt:
866 1064 1238 1239 stttttttultt

195 1235 340 1299 rioribus
371 1232 431 1301 frr.
463 1232 501 1299 0.
528 1234 573 1300 Α.
593 1233 755 1302 Klotziua
783 1238 935 1322 primum
959 1237 1104 1302 Bremae
1137 1235 1239 1324 17643

196 1343 302 1398 mox,
319 1320 1241 1412 etmultoauctins,Altenburgi1767.8.-S.Friiliclii·

196 1406 408 1496 usUpsaliae
432 1427 530 1560 1721),
552 1413 632 1471 4.-
654 1409 862 1495 Briegerus,
885 1409 1024 1499 Lipsiae
1046 1429 1143 1501 1790,
1164 1410 1240 1473 8.-

197 1495 384 1559 novissime
404 1493 438 1561 Ι.
505 1542 511 1557 .
531 1494 729 1562 Franekius
741 1497 775 1559 in
787 1496 941 1576 Callino,
966 1495 1112 1561 Altonae
1127 1507 1159 1559 et
1175 1497 1240 1560 Li·

196 1583 291 1669 psiae
317 1578 407 1645 1816.
428 1590 457 1646 8.
479 1603 510 1644 r.
531 1602 647 1669 supra.
691 1581 767 1646 Neo
786 1581 925 1649 deluere
943 1585 1002 1673 qui
1021 1583 1236 1648 versionibus

197 1668 348 1734 metricis
368 1666 484 1732 eadem
505 1667 727 1754 popularibus
758 1670 827 1733 suis
854 1662 1054 1748 reddereut‘,
1085 1669 1139 1735 vel
1154 1670 1239 1732 imi·

196 1755 322 1838 tatione
345 1750 436 1817 felici
456 1757 707 1840 exprimerent,
742 1755 778 1818 in
827 1756 925 1820 uibus
945 1757 1023 1820 satis
1035 1767 1086 1819 est
1103 1778 1240 1820 memo-

196 1837 273 1907 rare
285 1840 539 1928 &elAnglum
562 1841 749 1910 [lamberti
762 1843 776 1905 l
826 1864 905 1922 um3
933 1843 1136 1919 Weiasium,
1151 1843 1237 1907 ctu·

197 1927 297 1994 (lium
326 1929 374 2006 (in
405 1925 586 2015 Kiippenii
608 1925 840 2012 Antliologiae
868 1926 1015 1993 Graecae
1036 1975 1039 1980 ,
1058 1927 1238 1993 Tomolll

195 2011 379 2079 Brunsvici
403 2014 492 2098 1787.
506 2015 558 2099 8),
574 2012 657 2078 Chr.
671 2012 928 2101 Ssottargium,
951 2013 1242 2103 Seckeudorfium,

193 2098 389 2178 Bormum,
414 2098 641 2180 Passovium,
659 2097 865 2168 Germanos.
940 2153 943 2164 .

488 2345 494 2360 ⁸
609 2311 620 2342 s
664 2270 770 2364 §.aa

235 2446 240 2455 ’
257 2445 429 2522 Vltimus,
446 2464 547 2530 quem
564 2445 741 2521 novimus,
764 2446 799 2508 in
810 2445 875 2511 hoc
894 2444 1020 2533 elegiae
1036 2466 1160 2534 genere
1173 2466 1240 2510 cx-

194 2532 311 2598 celluit
324 2532 439 2608 Solon,
453 2529 715 2595 Atheniensium
721 2532 895 2618 legislator
906 2533 1050 2621 Olymp.
1062 2533 1242 2611 Xuvlse.

194 2631 273 2686 ante
312 2617 394 2683 Chr.
429 2617 514 2705 594,
553 2617 644 2681 inter
685 2630 834 2708 septem,
876 2620 934 2707 qui
975 2643 1046 2684 uno
1082 2631 1241 2705 ternpore

194 2707 300 2775 fuisse
321 2704 481 2770 dicuntur
505 2714 539 2767 et
558 2704 728 2791 sapientes
752 2703 857 2770 habiti
889 2715 970 2769 sunt
991 2718 1091 2797 atque
1115 2707 1238 2786 vocati,

194 2793 341 2868 relatus,
365 2792 461 2853 ouius
483 2790 588 2854 vitam
607 2791 861 2879 descripserunt
889 2793 1100 2859 Plutarchus
1119 2803 1153 2854 et
1167 2792 1241 2858 Di.

101 2940 108 2947 .
195 2902 321 2968 egenos
337 2878 512 2945 Laertius.
541 2876 732 2964 Sapientiae
753 2884 781 2942 is
797 2890 831 2942 et
842 2877 1000 2966 politicae
1020 2880 1178 2946 scientiae
1189 2876 1242 2942 fa·
1313 2878 1315 2883 ’

194 2988 310 3041 mam,
330 2964 436 3029 utilia
457 2971 581 3042 aetate,
601 2986 680 3030 cum
699 2966 826 3049 insigni
845 2964 956 3050 po'e'sis
974 2964 1073 3029 laude
1092 2967 1241 3029 coniun-

194 3056 265 3128 xit,
288 3049 572 3115 celebratissimus
597 3062 740 3140 propter
762 3052 912 3140 elegiam
925 3052 1168 3141 quinquaginta
1184 3052 1240 3115 di-

194 3140 407 3214 stichorum,
438 3158 523 3224 quae
557 3136 712 3202 Salamis
741 3136 955 3215 inscribitur,
984 3160 1048 3237 qna
1078 3139 1167 3202 cives
1198 3134 1243 3203 ed

193 3225 341 3309 insulam
360 3230 603 3308 cognominem
618 3223 871 3309 Megarensium
889 3222 1011 3291 ditioni
1021 3224 1244 3310 eripiendam,

195 3314 364 3398 armitque
387 3310 672 3395 expugnandam,
694 3310 854 3375 simulata
874 3317 998 3373 mentis
1012 3311 1161 3388 insania,
1176 3333 1240 3374 ex·
1264 3356 1266 3365 1

195 3400 353 3463 hortatus
380 3420 451 3461 esse
479 3396 620 3472 dicitur,
654 3397 713 3461 sed
747 3398 845 3460 cuius
879 3395 1020 3462 initium
1050 3407 1186 3462 tautum
1208 3407 1244 3462 et

195 3506 311 3551 versus
344 3482 531 3547 nonnullos
562 3493 743 3547 servarunt
766 3484 951 3571 scriptores
976 3480 1112 3551 laudati.
1158 3480 1242 3550 Alia

196 3573 380 3654 elegiarum
418 3568 552 3633 Solonis
586 3569 758 3654 praeclara
781 3568 974 3656 fragmenta
1016 3571 1058 3633 ad
1087 3581 1243 3656 pacatam

196 3655 461 3724 Atheniensium
478 3650 724 3741 rempublicam
741 3657 841 3720 unice
861 3665 1024 3742 spectant,
1043 3676 1166 3742 quem,
1184 3678 1242 3720 sa-

150 3757 155 3761 ’
196 3748 331 3835 pienter
355 3767 372 3807 a
397 3765 432 3806 sc
451 3746 691 3819 constitutam,
727 3755 764 3806 ut
781 3743 897 3829 legum
920 3765 1055 3808 summa
1073 3762 1236 3807 reveren-

196 3835 263 3907 tia,
283 3831 427 3910 iustitia,
460 3828 623 3893 libertatis
647 3840 680 3892 et
711 3828 915 3893 concordiae
942 3850 1078 3905 amors,
1118 3838 1240 3894 contra

197 3920 389 4009 potentium
410 3916 606 3993 avaritiam,
624 3915 693 3981 rim
713 3928 746 3979 et
765 3915 960 4002 snperbiam
977 3924 1155 3994 tueantur,
1176 3935 1242 3978 neo

196 4005 372 4081 socordia,
404 4003 591 4067 temeritate
611 4023 649 4065 ac
670 4001 936 4067 dissensionibus
959 4001 1172 4088 pessumdari
1193 4002 1243 4065 si-

195 4104 301 4175 nent,
322 4103 467 4181 paterno
486 4089 583 4179 quasi
597 4099 791 4157 commotus
808 4090 945 4175 animo,
967 4094 1057 4157 cives
1080 4110 1161 4157 suos
1180 4109 1243 4167 roff
