2942 4875
527 423 530 428 ,
573 381 745 437 nares
776 353 919 435 ronrr

231 544 277 634 ρὰ
305 540 346 610 τὸ
371 536 515 632 ῥάπτειν
540 536 646 633 ᾠδήν)
674 540 757 607 dicti
784 552 880 619 sunt,
911 539 1075 606 insimili
1096 538 1279 608 hominum

233 643 346 706 coetu,
368 632 472 708 vocis,
495 630 753 709 modulationis,
776 632 919 695 actionis
932 629 1165 714 artequadam
1180 629 1279 695 adhi-

231 719 320 798 bita,
343 720 467 780 iterum
489 724 682 803 iterumque
696 722 836 782 recitata
848 738 936 792 esse,
957 736 1059 778 nemo
1070 737 1163 779 nunc
1178 717 1282 802 igno-

232 817 297 872 rat.
343 803 413 868 lem
434 804 626 867 carminum
645 805 769 868 horum
782 825 876 889 'quae
893 801 1108 867 Graecorum
1127 825 1182 867 res
1198 815 1283 868 aitte

240 894 387 960 Troiam
400 904 539 978 gestas,
563 904 597 955 et
609 892 773 971 heroum,
792 888 879 954 urbe
900 889 1031 968 excisa,
1051 891 1211 978 patriam
1225 913 1283 955 re-

228 979 428 1072 petentium
449 974 517 1038 l'ata
537 974 769 1054 celebrarent,
802 998 909 1062 quum
930 976 974 1038 ob
1002 975 1102 1055 sacti,
1132 997 1196 1061 pro
1224 977 1286 1043 itta
1319 1015 1325 1024 ·

237 1077 363 1140 aetate,
386 1064 661 1147 magnitudinem
682 1075 716 1126 et
734 1064 898 1148 gloriam,
923 1084 1041 1127 rerum
1068 1074 1284 1150 narratarum

241 1156 396 1240 copiam,
431 1171 571 1213 casuum
604 1162 639 1215 et
665 1162 867 1215 eventorum
900 1150 1051 1215 maxime
1075 1149 1287 1215 durabilium

238 1240 454 1315 varietatem,
483 1236 632 1326 populo,
662 1238 834 1301 maiorum
866 1258 1009 1301 suorum
1035 1236 1144 1303 laudis
1162 1256 1282 1316 avaro,

32 1325 43 1350 ⁸
146 1401 150 1406 ‚
240 1346 348 1413 eaque
370 1321 600 1411 superbienti,
619 1345 701 1411 prae
720 1327 839 1389 ceteris
862 1335 975 1419 grata,
997 1324 1116 1389 auditu
1135 1324 1285 1389 iucunda

241 1428 276 1477 et
293 1423 428 1500 accepta
448 1412 666 1489 viderentur3
699 1432 874 1497 quumque
905 1432 923 1474 e
944 1412 1096 1489 vatibus,
1120 1421 1285 1475 cantuum

234 1500 368 1568 bonini
394 1497 610 1574 auctoribus,
633 1503 738 1563 unius
760 1501 853 1566 inter
874 1508 1003 1564 ceteros
1020 1496 1288 1564 eminentissimi

242 1607 390 1659 nomen,
414 1586 506 1671 quod
525 1595 682 1649 constans
707 1586 883 1649 vetustatis
908 1583 1000 1650 fama
1016 1584 1289 1651 Horterumfn-

220 1674 308 1741 ‘isse
333 1672 460 1747 voluit,
495 1695 555 1759 per
589 1692 729 1736 omnem
760 1683 921 1752 aetatem,
955 1672 1075 1736 sideris
1103 1694 1171 1759 quo
1198 1684 1289 1737 astra

243 1760 410 1845 fugantur
442 1760 566 1834 instar,
589 1756 755 1845 fulgeret:
782 1757 912 1823 factum
937 1782 1009 1824 esse
1054 1767 1133 1837 uta,
1156 1771 1194 1822 ut
1214 1770 1289 1825 tum

244 1845 515 1934 Rhapsodorum
536 1846 646 1908 studia
677 1847 713 1908 in
744 1849 956 1924 carminum,
988 1782 1140 1911 faidam
1161 1845 1194 1910 T
1197 1848 1291 1913 roia-

245 1956 326 2001 nem
346 1932 598 2008 enarrantium,
629 1932 837 1997 recitatione
867 1935 1019 1997 maxime
1048 1933 1291 2013 detinerentur,

246 2034 321 2086 tum
348 2018 675 2108 pluribussaeculis
698 2029 793 2106 post,
826 2041 932 2108 quum
959 2030 1078 2083 cantus
1105 2022 1220 2108 sparsi
1241 2021 1291 2103 hi,

247 2128 359 2193 neque
379 2115 451 2167 arte
465 2103 639 2190 copulati,
660 2127 771 2191 neque
791 2104 833 2169 ad
852 2106 1009 2172 ordinem
1024 2109 1153 2170 iustum
1174 2107 1292 2195 dispo-

248 2196 324 2275 siti,
353 2192 502 2271 Athenis
542 2213 560 2254 a
591 2191 733 2269 Solone,
770 2193 1004 2279 complurium
1029 2192 1294 2282 Rhapsodorum

250 2304 337 2370 ope,
361 2278 513 2365 primum
543 2278 694 2356 collecti,
725 2278 911 2369 rerumque
938 2291 971 2345 et
993 2294 1186 2366 temporum
1207 2283 1293 2347 serie

251 2365 443 2443 distributi,
465 2386 546 2427 mox
566 2387 583 2428 a
601 2364 836 2432 Pisistratidie
854 2372 891 2431 in
911 2380 1043 2434 certum
1063 2367 1222 2433 ordinem
1238 2375 1295 2434 re'·
1366 2367 1370 2374 ’

253 2455 351 2523 docti
374 2463 409 2515 et
428 2453 556 2518 litteris
578 2452 717 2516 demum
736 2455 937 2542 consignati
956 2454 1099 2533 fuerint,
1128 2455 1192 2520 uni
1209 2457 1296 2521 Ho-

253 2564 365 2617 mero,
388 2550 562 2624 tamquam
584 2541 873 2625 praestantissimo
904 2552 937 2606 et
965 2542 1189 2607 celeberrimo
1214 2548 1296 2622 vati,

256 2651 353 2694 curus
378 2646 504 2690 nomen
524 2625 735 2712 reliquorum
752 2627 1002 2694 obscuravisset
1019 2630 1179 2707 nomina,
1203 2641 1235 2692 et
1255 2653 1297 2694 o-

258 2706 358 2783 mnio
389 2713 456 2779 itta
474 2709 554 2792 ἔπη,
586 2711 746 2797 equibus
766 2714 856 2779 Itias
876 2736 955 2780 cum
982 2714 1133 2803 Odyssea
1155 2739 1297 2802 compo·

255 2803 338 2885 sitae
359 2809 449 2875 surrt,
470 2808 504 2861 et
519 2799 701 2899 utriusque
713 2803 887 2873 ,carminis
901 2804 1120 2891 perpetuitas
1134 2823 1173 2867 ac
1184 2805 1300 2883 series,

254 2888 428 2978 politioris
455 2891 528 2949 aevi
545 2907 701 2949 acumine
728 2898 764 2951 et
777 2888 925 2953 sollertia
945 2890 1119 2979 aptissime
1141 2911 1299 2957 connexa
1327 2958 1329 2961 ,

258 2989 294 3041 et
316 2974 489 3059 colligata,
510 2972 728 3042 tribueretur.

275 3147 344 3207 Ἑν.
362 3142 437 3216 Aug.
455 3145 557 3219 Wotfii
573 3145 772 3213 Proltgomsne
798 3148 832 3201 sd
849 3147 1022 3214 Homerum,
1050 3147 1113 3204 sive
1129 3149 1166 3205 de
1182 3168 1303 3223 operum

227 3236 233 3242 ·
363 3217 580 3270 Homericorunt
602 3216 693 3283 prisce
716 3228 745 3269 et
759 3216 878 3285 genuina
900 3219 989 3271 forma
1009 3222 1154 3290 variisque
1171 3222 1303 3275 mutatio·-

366 3285 458 3338 nibns.
477 3282 556 3335 Halis
572 3282 712 3355 Saxonum
735 3282 807 3354 ¹795·
822 3288 891 3339 8.ss.
911 3288 1116 3357 Disputationis
1131 3290 1214 3342 huius
1225 3309 1304 3360 prae·

365 3351 552 3405 steutissimae
562 3364 755 3420 argumentum
767 3357 841 3424 quod
859 3355 925 3407 dadi
946 3358 975 3407 in
990 3356 1102 3412 Diario
1118 3357 1254 3411 Vitnemt
1265 3359 1302 3415 T.

365 3420 436 3473 I.ll.
457 3419 532 3473 1805.
568 3421 741 3475 Sententiam
759 3424 829 3476 banc
854 3426 889 3476 ds
909 3425 1123 3481 Homericorum
1148 3431 1305 3483 carminum

368 3490 461 3560 prisca
474 3490 580 3551 forms,
598 3490 733 3570 Heynio,
749 3490 951 3557 Schneidero,
970 3494 1140 3568 Bottigero,
1157 3496 1305 3551 Hermon·

368 3579 408 3613 no
427 3559 545 3627 aliisque
567 3559 842 3628 multas-probatam,
859 3562 979 3632 ancipiti
993 3566 1085 3618 Marte
1101 3577 1215 3635 praeter
1233 3566 1304 3619 alies

367 3626 569 3694 impugnarunt
585 3625 691 3680 Sainte
714 3628 805 3683 crota
837 3631 867 3684 in
891 3632 1005 3685 libello:
1034 3632 1216 3703 Resutation
1235 3635 1309 3689 d’un

365 3696 529 3768 paradoxa
546 3696 694 3749 litteraire
710 3698 748 3750 de
764 3698 823 3752 Mt.
847 3699 938 3769 Wolf
989 3722 1005 3752 r
1023 3704 1065 3757 les
1081 3702 1200 3774 possiet
1218 3703 1311 3756 d'Ho·

371 3768 450 3820 mere
467 3764 582 3816 Parisiis
598 3763 671 3831 1798,
685 3764 709 3815 8.
747 3766 864 3836 Hagios
895 3771 924 3821 in
944 3716 1112 3842 Eifindung
1136 3772 1190 3825 der
1212 3771 1308 3825 Buch-

366 3833 585 3902 rtabenrcbrift
600 3843 653 3885 etc.
674 3833 738 3888 Ulm
759 3835 834 3889 1801.
851 3838 1159 3896 transactamus
1176 3839 1314 3896 adfinem

372 3900 470 3954 Iliadis
499 3903 628 3955 versibus
641 3901 747 3957 ltslicis
769 3924 784 3957 s
803 3924 832 3959 se
854 3909 1003 3963 translatae
1023 3908 1097 3969 1802.
1115 3908 1141 3962 8.
1170 3908 1228 3964 vol.
1257 3907 1312 3965 lx.

372 3970 416 4022 ed.
436 3970 499 4051 Pis.¹
527 3968 814 4096 Choireai-Gossier
843 3976 871 4028 in
895 3978 1142 4061 Considerationa
1176 3996 1229 4032 rur
1250 3977 1315 4031 Hc·
1355 3994 1359 4001 '

373 4041 470 4101 mere,
487 4042 636 4111 trisptrt‘ee
651 4059 713 4111 par
758 4054 862 4112 aspect
894 4047 945 4099 tter
960 4048 1053 4116 lieux,
1070 4047 1144 4117 qu't!
1160 4065 1180 4099 a
1200 4046 1314 4100 rendue

276 4164 281 4185 ⁹
375 4107 405 4162 ei
440 4107 588 4175 cttttru,
625 4110 734 4168 insen·
771 4113 888 4170 ttttttnt
914 4116 1026 4172 Horres
1051 4116 1205 4189 Enoyolop.
1239 4113 1321 4174 1⁸»ss
