2942 4875
372 452 565 501 nrsronrcr
588 429 848 502 venustatum
871 449 1101 504 araneorum
1219 434 1259 522 87
1352 474 1355 478 >

213 603 310 687 tntis,
341 616 425 673 toste
456 607 617 674 Diodoro
646 608 763 674 Siculo
787 608 845 672 tlt.
862 609 904 674 65
916 631 963 694 sq.
989 618 1022 670 et
1042 607 1205 673 Eudocia
1226 609 1263 673 in

213 697 373 762 ‘Violario
400 716 450 780 ap.
469 693 653 758 Villoison.
678 692 848 759 Aueedot.
874 695 954 758 'r.1.
979 718 1012 781 p.
1028 701 1095 760 128.
1120 697 1261 758 univer-

217 806 290 848 aam
303 784 482 847 historiam
500 781 710 868 mythicam,
728 804 774 845 ex
790 780 913 845 iisdem
925 781 1077 846 sontibus
1098 782 1264 860 haustam,

219 870 341 936 ordine
361 870 511 956 quodam
531 879 564 931 et
591 870 632 932 ad
648 891 749 933 verae
769 870 930 932 historiae
952 869 1112 948 modum,
1142 867 1262 953 siugu-

218 957 283 1022 lari
306 979 411 1044 opere
437 957 475 1020 in
498 957 649 1103 putaque
674 956 780 1020 libros
810 957 1004 1041 dispertito,
1038 957 1128 1040 quod
1151 951 1265 1032 κύκλος
1301 1031 1304 1046 ³

219 1044 384 1132 ἱστορικὸς
395 1045 499 1106 inseri
524 1044 603 1120 itur,
621 1044 957 1131 exposuissel'ertur,·
972 1043 1073 1117 idem,
1088 1043 1264 1105 tritissima

217 1131 286 1198 hoc
308 1127 530 1217 λογογράφων
562 1128 643 1193 orbe
662 1130 799 1194 taudem
819 1130 960 1206 relicto,
1002 1130 1041 1191 ad
1058 1131 1115 1194 aui
1131 1143 1264 1215 tempo-

219 1221 270 1284 rie
294 1239 348 1281 ree
379 1227 489 1302 gestas
521 1218 671 1281 maxime
696 1216 936 1281 memorabiles
966 1221 1002 1279 iu
1030 1216 1177 1281 Persicis
1198 1212 1266 1302 (τὰ

219 1300 386 1390 Περσικά)
414 1313 447 1364 et
464 1302 598 1365 Rerum
617 1315 698 1401 port
724 1305 880 1368 Darium
907 1302 1056 1365 historiis
1086 1302 1149 1387 (τὰ
1178 1300 1263 1384 μετὰ

222 1391 396 1478 Δαρεῖον),
425 1387 569 1452 fortasse
593 1388 680 1451 buris
708 1396 810 1452 unius
839 1389 951 1473 operis
972 1387 1139 1474 partibus,
1166 1410 1268 1451 enar-

222 1475 347 1541 randas
371 1496 582 1561 progressus.
612 1475 726 1552 Quam
746 1475 927 1561 multiplex
952 1487 1063 1538 autem
1084 1486 1116 1534 et
1136 1477 1268 1538 varium
1347 1505 1352 1514 ⁴

227 1582 375 1648 operum
391 1581 408 1621 a
420 1559 641 1645 logographis
649 1561 703 1624 his
715 1563 930 1625 conditorum
944 1573 1181 1644 argumentum
1195 1559 1272 1622 fue-

155 1655 159 1660 ’
226 1650 293 1727 rit,
308 1666 485 1731 ¹quamque
509 1648 575 1708 late
594 1658 667 1710 tum
684 1657 802 1733 patens
823 1659 1016 1711 exterarum
1042 1648 1193 1731 gentium
1215 1657 1268 1726 at-

227 1755 294 1823 que
312 1746 483 1796 terrarum
510 1733 689 1797 itineribus
719 1735 931 1821 cognitarum
960 1736 1097 1811 notitia,
1121 1755 1139 1794 a
1164 1733 1270 1796 solius

227 1820 429 1896 Hellanici,
457 1821 552 1884 euius
571 1820 697 1885 natales
712 1823 749 1886 iu
770 1819 913 1906 Olymp.
937 1820 1044 1885 LXX
1066 1819 1118 1882 vel
1140 1817 1271 1883 LXXI.
1336 1825 1344 1848 ⁸

228 1906 399 1982 incidunt,
423 1905 588 1971 librorum
619 1908 731 1971 indice
759 1908 973 1992 intelligitur.
1031 1907 1071 1971 ln
1096 1905 1148 1968 his
1169 1912 1273 1970 etiam

227 1994 366 2070 Κτίσεις
384 1991 416 2057 h.
428 2016 455 2056 e.
469 1995 640 2081 mythicae
655 1995 696 2057 de
711 1995 748 2061 V
747 1997 862 2060 rhium
879 2007 913 2058 et
934 1996 1133 2058 [nautarum
1157 1994 1273 2079 origi·
1367 2019 1370 2020 ⁷

164 2103 166 2106 ’
226 2079 328 2146 uidua
348 2086 564 2148 narrationes
587 2094 831 2160 numeranturg
856 2103 1000 2166 quarum
1021 2079 1178 2164 sipiares
1200 2101 1272 2143 uno

227 2188 330 2253 opere
352 2165 635 2244 continebantur,
658 2167 964 2254 Hapeuyriaear
996 2178 1030 2229 et
1050 2163 1274 2253 [lapicidae

227 2274 357 2318 nomen
370 2265 593 2341 acceperunt:
609 2264 649 2318 ut
662 2254 835 2320 Hecataei
850 2254 974 2318 Milesii
988 2253 1147 2316 laudatur
1163 2251 1276 2330 Ἀσιας

230 2337 441 2443 aequipetere,
464 2338 629 2425 Εὐρώπης
651 2342 821 2430 περίοδος,
846 2340 935 2404 baud
958 2341 1058 2403 dubie
1077 2347 1275 2426 parteseius

229 2425 401 2514 Περιοὸου
413 2426 488 2506 Γῆς.
514 2428 552 2491 ln
566 2429 687 2513 quibus
699 2452 733 2492 u¹
754 2427 1109 2516 Geograplziaeinitia
1119 2425 1276 2489 auimad-
1325 2429 1328 2436 ”

150 2532 169 2575 .‘
231 2523 367 2578 vertere
385 2511 477 2589 lieet,
494 2514 539 2578 ita
552 2526 710 2602 tempora
758 2537 892 2600 quoque
907 2520 1079 2580 rationem
1094 2516 1196 2600 primi
1213 2513 1278 2578 ba-

232 2596 346 2662 buisse
363 2599 522 2663 feruutur
538 2601 739 2688 Theogenes
751 2612 784 2664 et
794 2602 934 2689 Hippye
945 2599 1105 2683 Rhegini,
1121 2600 1278 2685 eMagna

180 2714 187 2727 ·
236 2684 399 2764 Graecia,
418 2685 597 2772 cambysis
615 2689 751 2752 circiter
767 2698 890 2763 aetate,
911 2688 1197 2772 quiaacerdotum
1206 2689 1279 2751 Ar-

261 2774 400 2838 ivarum
423 2782 457 2836 et
475 2772 718 2854 Sicyoniorum
738 2770 942 2862 ἀναγραφὰς
956 2774 978 2836 i.
994 2797 1021 2839 e.
1037 2774 1175 2838 tabulae
1193 2795 1279 2836 cou-

231 2795 411 2940 iecerunt,
444 2860 638 2925 cuiusmodi
673 2862 839 2948 scriptum
872 2861 972 2924 etiam
998 2860 1182 2926 Helianiei
1207 2881 1279 2923 essa

235 2946 373 3010 videtur
412 2945 506 3033 quod
545 2953 672 3035 passim
710 2959 1022 3012 commemoratur:
1058 2942 1186 3031 ‘liparae
1220 2949 1282 3027 τῆς

235 3033 345 3119 Ἠρας
374 3032 602 3099 Sacerdotem
633 3036 781 3100 Iunonia
801 3035 961 3121 Argiuae
988 3056 1154 3097 recenter.

305 3122 375 3182 lam
399 3138 479 3181 vero
511 3142 556 3185 ex
587 3122 749 3208 operibus
772 3122 825 3184 his
847 3117 1161 3207 logographorum,
1196 3140 1280 3204 quoa

237 3206 523 3285 memoravimus,
544 3208 675 3271 dudum
693 3206 879 3295 deperditis
902 3209 1009 3269 multa
1024 3205 1111 3290 apud
1137 3206 1281 3269 seriores

238 3290 439 3368 historicos,
461 3314 495 3355 m
523 3293 747 3381 tbographos,
767 3308 800 3358 et
818 3302 972 3357 veterum
986 3293 1164 3380 poetarum
1185 3313 1282 3356 com-

239 3390 461 3457 mentatores,
487 3316 702 3446 debeliaataa
719 3381 842 3457 dictae,
866 3392 996 3444 servata
1017 3380 1197 3465 leguntur,
1228 3380 1282 3441 di-

239 3487 309 3550 gua
333 3472 470 3552 utique,
495 3488 580 3550 qnae
602 3468 796 3551 diligentius
820 3468 1085 3553 conquirantur,
1107 3466 1210 3552 inque
1227 3467 1284 3530 iu-

242 3565 332 3616 stum
361 3551 527 3616 librorum
559 3575 744 3639 rerumque
782 3554 938 3618 ordinem
974 3554 1184 3637 redigantur.
1249 3552 1285 3616 ld

268 3640 336 3703 uod
358 3640 394 3703 in
416 3639 591 3703 nonnullis
614 3642 715 3704 etiam
739 3638 882 3704 effecere
904 3642 969 3703 viri
992 3638 1202 3716 doctissimi,
1237 3640 1281 3704 F.

244 3660 312 3791 (ils.
339 3728 518 3803 Sturziaa,
541 3736 616 3813 turn
638 3727 820 3793 Hellanici
841 3727 963 3792 Lesbii
985 3726 1081 3788 editis
1099 3726 1285 3810 Fragmen-

243 3814 286 3876 tis
304 3812 441 3898 Lipsiae
462 3812 553 3901 1787.
579 3813 609 3876 8.
631 3824 705 3875 tum
722 3814 928 3897 Pherecwtie
949 3814 1053 3877 Lerii
1074 3824 1107 3874 et
1127 3813 1287 3878 Acuazflai

244 3899 332 3975 illia,
367 3897 479 3962 Gerae
503 3923 513 3963 ι
543 3901 595 3985 89.
609 3900 639 3962 8.
663 3939 703 3951 -
733 3909 765 3963 et
787 3900 831 3963 F.
860 3899 1065 3971 Creuzerue,
1098 3899 1286 3979 Hecataei,

251 3986 425 4051 Cizaronia
453 3997 486 4047 et
555 3987 659 4050 antlri
680 3987 832 4072 reliquiis
858 4008 925 4048 uua
948 3986 1108 4065 vulgatis,
1141 3987 1204 4049 lroc
1231 3988 1286 4049 iu-

246 4073 339 4136 dice:
397 4073 659 4139 Hietoricarum
703 4073 918 4140 Graecorum
961 4072 1288 4160 arztiquiaeimotnm
1342 4142 1345 4163 Ι

249 4160 470 4248 Fragmenta
488 4160 644 4249 collegit,
666 4160 883 4237 emendavit,
903 4159 1087 4247 explicuit,
1111 4183 1152 4225 oe
1171 4166 1213 4225 <te
1227 4186 1289 4226 eu-
