2942 4875
441 323 671 382 caaurrt
701 321 963 382 essiones·
1179 312 1220 392 31

173 508 275 561 mum
295 496 559 553 monumentum
586 487 659 552 iure
682 487 912 552 existimetur:
935 506 1142 574 quamquam
1161 480 1219 550 fa·

175 576 323 643 tendum
335 582 396 649 est,
404 575 564 638 carminis
579 573 680 638 buius
690 583 891 638 contextum
905 573 1058 660 pluribus
1068 573 1154 638 iocis
1166 575 1222 637 in-

177 657 392 750 terpetatum
424 682 486 724 uos
515 671 650 738 tenere3
680 662 782 740 cuius
804 662 855 724 rei
876 682 975 725 causa
1009 660 1059 725 rel
1090 683 1132 725 eo
1160 682 1224 724 co.

173 747 373 837 gnoscitnr,
395 744 487 833 quod
511 745 654 812 Hesiodi
675 768 781 835 neque
807 768 845 810 ac
866 747 1051 811 Homerico
1068 746 1131 828 ἔπη
1153 767 1226 812 nou

151 835 154 840 ’
178 840 295 903 statim
317 832 434 898 litteris
450 832 629 911 mandute,
655 832 712 896 sed
742 832 802 898 diu
828 831 1092 921 Rbnpsodorum
1121 844 1226 898 contu

178 921 237 989 vel
255 921 447 984 recitatione
475 920 517 983 ab
533 921 671 984 interitu
698 932 830 985 serrata
850 919 988 985 fuerint
1028 919 1147 996 Hinc,
1189 920 1228 985 ui

179 1029 292 1092 nuper
314 1006 353 1071 de
371 1008 521 1070 carmine
540 1005 607 1070 hoc
624 1007 781 1071 subtilius
799 1017 1050 1074 commentatus
1067 1017 1133 1083 est,
1148 942 1228 1073 riu·

178 1105 306 1186 gustus
329 1092 545 1172 thsteniue
564 1094 617 1180 (in
634 1093 768 1180 Disput.
788 1095 903 1158 critica
924 1093 965 1159 dc
986 1093 1131 1158 Hesiodi
1149 1114 1228 1156 car.

182 1182 275 1248 mine
317 1180 383 1243 nod
406 1179 607 1244 inscribitur
624 1178 741 1269 Opere
766 1192 799 1245 et
822 1180 922 1258 Dies,
949 1180 1061 1245 Kiliae
1084 1179 1176 1247 1815.
1194 1181 1226 1247 8.

181 1290 261 1332 cum
273 1204 481 1333 lieinriclrii
491 1265 706 1350 Epimetr‘o),
727 1267 765 1330 in
786 1288 826 1331 eo
864 1269 989 1355 tritique
1009 1272 1136 1332 maiora
1149 1287 1229 1333 cor·

182 1358 274 1422 mino
289 1355 464 1439 ‚detegisse
489 1351 552 1417 sibi
577 1359 670 1419 visus
694 1362 764 1430 est,
792 1290 909 1418 inqbis
935 1356 1146 1441 duoepica,
1174 1352 1229 1418 fa-

181 1442 302 1509 bulum
333 1439 374 1502 de
395 1440 580 1503 certamine
605 1439 699 1505 ioris
723 1461 762 1502 ac
790 1437 986 1504 Promethei
1013 1451 1047 1503 et
1064 1439 1228 1528 mytbum

181 1530 224 1593 de
240 1526 422 1591 bominum
437 1525 600 1590 aetatibus
611 1524 908 1610 (etssuttmannus
923 1525 966 1587 V.
976 1524 1144 1591 cttteber
1160 1525 1229 1594 deu

180 1613 407 1702 Mythosvon
427 1610 491 1673 den
514 1614 654 1678 iiitesten
673 1610 1156 1699 Menscbengescbtechtern),
1174 1622 1228 1676 at·

184 1722 251 1788 qne
292 1700 357 1761 triu
387 1697 568 1777 didactica,
599 1710 840 1786 praetereaque
875 1699 998 1763 multas
1042 1700 1229 1784 singulares

188 1788 371 1850 sententias
397 1786 480 1848 varii
504 1788 637 1872 generis
656 1797 691 1849 et
706 1786 841 1851 coloris
853 1825 895 1838 -
917 1784 1152 1872 Antiquorum
1166 1807 1232 1858 au-

186 1882 259 1937 tem
288 1872 325 1935 in
342 1892 476 1936 carmen
501 1873 564 1936 boc
582 1874 926 1948 commentariorum,
950 1872 1120 1962 imprimis
1143 1873 1233 1937 Ari·

187 1957 371 2048 etopirnnis
403 1958 588 2037 B‘zantii,
628 1961 794 2025 iacturam
832 1959 974 2022 minime
1005 1978 1231 2044 compensare

187 2056 316 2132 queunt
333 1986 474 2111 Scholia
486 2071 618 2137 graeca
636 2047 755 2114 Procli
769 2047 892 2136 Lycii,
916 2044 1063 2110 Tzetzae
1078 2054 1112 2109 et
1128 2043 1234 2121 Mo„

186 2131 344 2222 ebelredi,
373 2131 495 2219 quibus
519 2143 652 2222 [empne
675 2139 837 2222 pepercit.

252 2218 415 2283 Eiusdem
434 2221 594 2297 Hesiodi,
621 2220 680 2285 sed
701 2220 794 2285 sama
819 2221 932 2286 minus
953 2228 1145 2297 constante,
1163 2239 1232 2284 no·

186 2324 267 2370 men
287 2327 367 2392 prae
387 2329 422 2371 se
443 2305 511 2373 fert
527 2309 666 2397 epicum
694 2329 832 2372 carmen
855 2307 1049 2394 antiquum,
1070 2307 1237 2393 mirisque

189 2392 304 2458 modis
342 2395 609 2481 interpolatum,
653 2393 848 2461 mutiiatum
882 2406 981 2482 utque
1016 2404 1236 2481 corruptum,

195 2479 438 2568 Theogoniam
459 2482 551 2558 dico,
574 2479 669 2546 cuius
680 2482 814 2569 genueris
834 2495 866 2547 et
885 2481 1079 2566 argumenti
1093 2481 1235 2567 poimu'·

190 2575 226 2629 ta
253 2568 375 2653 plura,
408 2566 587 2633 auctorum
611 2570 776 2635 memoria
796 2570 852 2648 ,ob
876 2577 1077 2632 vetustatem
1094 2568 1234 2633 oblitte-

190 2661 282 2729 rato,
319 2664 437 2719 vetum
459 2656 774 2742 antiquissimorum
800 2654 1051 2733 celeberrimis,
1081 2650 1236 2743 Orpheo,

191 2738 302 2817 Lino,
331 2739 493 2819 Musaeo,
514 2742 614 2820 aliis,
642 2742 788 2807 adscribi
818 2752 852 2805 et
879 2741 921 2804 ab
937 2739 1132 2830 Rhapsodis
1155 2762 1236 2806 cum

195 2822 314 2891 ceteris
346 2830 485 2891 recitari
516 2830 632 2908 solita,
671 2829 753 2895 olim
785 2829 967 2913 exstitisse,
1002 2830 1039 2892 iu
1078 2826 1238 2893 confesso

195 2922 248 2976 est
263 2913 305 3004 (t
326 2916 391 3004 ιο).
413 2915 452 2980 In
474 2918 593 2981 eodem
615 2929 818 3004 argumento
840 2915 983 3000 cyclicus
1002 2916 1118 3004 poetas
1139 2936 1239 2981 com·

194 2998 332 3101 plures,
355 3003 504 3090 aliosque
523 3015 601 3091 post
619 3005 815 3069 Homerum
832 3004 944 3089 epicos
965 3023 1103 3089 operam
1128 3023 1239 3092 posu·

194 3106 261 3152 isse
283 3108 365 3149 mox
388 3089 578 3154 videbimus
603 3091 639 3180 (t.
658 3092 709 3158 28.
733 3100 811 3180 op).
857 3089 953 3170 Quae
979 3089 1112 3166 omnia,
1131 3099 1239 3177 p‘roe·

196 3182 252 3238 ter
284 3196 392 3239 unum
412 3175 648 3253 Hesiodettm,
672 3178 833 3243 interiere
857 3177 1028 3241 carmina:
1053 3173 1121 3239 hoc
1150 3193 1238 3239 vero

192 3267 245 3329 tot
267 3258 382 3324 alienis
397 3259 613 3351 fragmentis,
636 3262 901 3351 Rbspsodorum
931 3284 971 3326 ue
983 3260 1170 3349 prooemiis
1196 3259 1236 3350 ib

197 3347 267 3434 uo.)
281 3348 571 3433 conglutinatum,
592 3360 643 3421 tot
655 3351 805 3419 insititiis
828 3286 980 3419 versibus
1000 3344 1155 3415 variandi
1175 3368 1239 3426 so·‚

197 3533 619 3562 m·

305 3637 374 3695 Fuit
385 3644 446 3696 eine
463 3642 572 3714 dubio,
586 3657 620 3699 ut
633 3644 748 3710 dicitis,
768 3653 852 3698 vetur
868 3641 917 3698 itta
929 3643 1066 3713 sapientie
1087 3658 1173 3713 quum
1184 3658 1243 3697 me·

305 3710 382 3764 xime
398 3728 530 3778 nascens,
549 3715 628 3771 rudis
638 3733 647 3776 3
666 3731 719 3767 non
731 3710 824 3767 minus
841 3732 922 3784 quatu
936 3723 1047 3766 ceterae
1066 3725 1159 3774 artes,
1177 3729 1246 3833 pua·

306 3794 369 3833 runi
389 3780 418 3833 in
439 3799 569 3851 processu
594 3782 735 3837 subtilitas
760 3783 862 3838 crevit.
885 3780 940 3836 sed
967 3798 1002 3834 ne
1029 3797 1099 3849 opus
1127 3780 1175 3849 qui
1198 3798 1244 3836 eut

306 3861 367 3901 erat
383 3852 516 3906 remedii·
543 3852 733 3921 diiigentibus.
778 3850 909 3905 Nondum
927 3851 957 3902 in
980 3858 1088 3902 tantum
1117 3849 1246 3919 nequitia

307 3929 483 3986 surrexerat,
504 3938 555 3975 nec
577 3934 633 3975 tam
645 3920 700 3974 lete
717 3939 768 3975 ses
790 3933 914 3974 arserat:
953 3928 1064 3971 oterant
1087 3916 1166 3971 vitiis
1181 3918 1249 3971 sino

308 3984 429 4108 plicibus
439 3992 550 4046 obstare
562 3990 687 4045 remedie
700 3939 869 4064 simpiieir.“
902 3938 1038 4060 Atiquem
1047 3984 1100 4042 tec.
1113 3986 1149 4043 et.
1164 3985 1249 4052 Ruit·

330 4056 403 4130 opfii
419 4060 583 4119 amicissimi
598 4068 701 4116 noun.
