2942 4875
254 339 318 408 166
528 339 811 403 Semnones
846 337 1032 403 Enorrcr

248 503 288 558 nt
308 487 398 559 xss..
415 511 465 556 ra.
487 487 584 554 Xlll.
609 510 639 554 n.
657 492 689 555 i.
709 486 743 554 6.
764 511 814 578 7.;
847 486 970 553 deinde
991 488 1030 552 in
1049 487 1201 553 Fabulis
1222 489 1312 554 Mt·

250 581 346 655 {eriis
367 575 435 663 (Τὰ
450 573 663 662 uetuerunt)
683 575 839 641 Aristidi
849 575 985 640 cuidam
1001 574 1167 654 Milesio,
1189 575 1230 645 de
1241 597 1313 639 cu·

248 675 304 737 ius
326 668 395 737 vita
412 674 445 728 et
455 672 560 728 aetate
583 662 633 725 nil
656 662 740 726 certi
762 663 926 749 cognosci
947 661 1003 725 vel
1024 660 1161 727 deliniri
1183 671 1311 764 potest,
1430 724 1431 729 ,

249 753 395 819 tributis.
440 751 498 816 Ad
518 749 710 815 Milesium
732 748 815 813 haec
836 748 985 814 sonasse
1005 755 1195 835 respexisse
1218 748 1312 818 Ovs·

250 843 349 907 dium
371 839 461 902 dicas
484 836 670 917 his‚verbis
691 836 815 922 (Trist.
838 834 881 902 IL
904 836 969 900 443
988 839 1071 923 sq.):

232 954 239 965 ¹
295 927 411 991 Vertit
431 921 620 989 Aristidem
640 923 803 993 Sisennae
825 942 889 985 nec
908 919 1020 986 obfuit
1039 920 1103 995 illi¹
1167 986 1176 999 ,

293 1015 467 1079 Historiae
490 1021 607 1098 turpes
629 1010 810 1081 inseruisse
831 1010 936 1075 iocos.

250 1101 306 1168 Ex
328 1121 396 1191 quo
421 1098 498 1161 loco
521 1096 699 1173 discimus,
727 1094 892 1160 Aristidis
916 1096 1044 1161 librum
1065 1095 1231 1161 Latinum
1250 1093 1313 1158 fa·

250 1198 343 1253 ctum
367 1206 439 1249 esse
461 1184 541 1251 aL.
559 1181 719 1246 Cornelio
736 1180 904 1262 Sisenna,
929 1182 1094 1245 historico
1117 1188 1152 1244 et
1169 1193 1314 1247 oratore
1334 1262 1339 1265 .

248 1271 410 1350 Romano
427 1270 539 1358 Syllae
557 1267 793 1355 temporibus,
817 1266 938 1357 dequo
950 1290 981 1334 v.
995 1267 1067 1333 cte.
1081 1269 1118 1331 in
1129 1268 1236 1333 Bruto
1250 1269 1311 1339 64.

250 1359 328 1433 roll.
354 1357 563 1423 Schneidero
585 1361 622 1418 iu
641 1354 707 1441 Ep.
724 1355 806 1431 jerit.
834 1358 877 1420 ad
898 1355 1015 1430 Laud.
1042 1375 1077 1439 p.
1096 1358 1149 1425 (ιι.
1173 1357 1312 1441 quiin-

249 1445 503 1532 terpretationis
515 1441 615 1506 huius
627 1440 701 1504 loca
714 1440 880 1509 nonnulle
897 1464 915 1506 a
926 1441 1185 1521 Grammaticis,
1208 1440 1312 1508 clm-

252 1534 338 1600 risio
360 1532 565 1615 Servioque,
586 1527 720 1594 laudari
741 1527 910 1615 perhibet.
940 1526 1057 1591 Fuisse
1077 1540 1190 1593 autem
1206 1529 1312 1593 ride-

250 1629 309 1682 tur
320 1618 525 1702 opusculum
536 1612 644 1681 solute
656 1615 809 1684 oratione
820 1617 1066 1702 compositum,
1089 1617 1182 1702 quod
1197 1636 1310 1679 unam

252 1706 308 1773 vel
333 1705 445 1793 plures
468 1701 669 1767 historiolae
688 1703 866 1767 amatorias
889 1703 1097 1781 contineret,
1117 1707 1155 1767 iu
1178 1702 1306 1790 quibus

253 1792 378 1861 Mileti
388 1813 441 1854 res
455 1801 613 1874 ageretur
638 1794 803 1868 maxime,
815 1789 940 1854 *leniae
959 1791 1084 1875 quippe
1107 1790 1193 1854 urbe
1215 1790 1309 1859 luxu

252 1889 287 1945 et
309 1878 541 1963 vuluptatibus
561 1873 749 1939 diffluente.
793 1875 896 1940 Unde
926 1876 1196 1958 narrationibus,
1242 1896 1309 1939 uae

252 1965 290 2030 in
314 1965 417 2033 simili
447 1972 650 2047 argumento
683 1970 925 2040 versarentur,
950 1961 1166 2112 ¹fabularum
1239 1964 1310 2027 ile-

227 2055 388 2117 ‘as'arum
409 2070 535 2115 nomen
558 2048 704 2112 haesisse
731 2047 892 2132 colligas:
926 2070 1041 2133 pures
1064 2048 1156 2119 euim
1188 2071 1309 2113 earum

255 2150 409 2200 auctores
432 2134 546 2209 laudat
569 2134 720 2200 Plautius
746 2140 783 2198 in
804 2133 1020 2222 Myriobiblo
1044 2133 1129 2199 Cod.
1144 2134 1308 2201 CLXVI.

255 2223 395 2294 Horum
413 2232 524 2287 autem
537 2222 735 2307 exemplum
749 2228 855 2286 secuti
869 2244 941 2286 esse
953 2221 1116 2289 videntur
1127 2220 1309 2307 Sophistae

256 2312 388 2396 aliquot
403 2308 583 2395 asecundo
594 2309 673 2371 iude
694 2329 724 2395 p.
739 2306 803 2373 Ch.
815 2309 951 2381 saeculo
968 2309 1131 2391 (maxime
1141 2308 1309 2398 lli-V.)

257 2398 299 2462 ab
314 2399 451 2485 ingenio
464 2417 587 2485 perum
598 2394 728 2474 felices,
752 2401 808 2482 qui
822 2394 1015 2461 historiolae
1032 2396 1212 2463 amatorias
1228 2417 1309 2460 oru-

255 2486 350 2550 tione
372 2484 543 2548 rhetorice
566 2491 754 2560 exornata,
778 2480 821 2547 ed
840 2493 1063 2571 veterumque
1086 2485 1311 2569 praestantio-

256 2593 337 2640 rum
357 2577 564 2659 scriptorum
586 2590 783 2670 sermonem
809 2567 988 2669 diligenter
1005 2570 1193 2652 eleborata,
1214 2593 1313 2634 com-

255 2660 1006 2822 ttttffttultttllltttltfltttt
1025 2666 1309 2810 tt'ittttit

205 2905 210 2912 Δ
254 2830 423 2916 hodieque
435 2831 588 2894 latentes.
610 2831 666 2904 Sic
680 2828 871 2894 Iamblicti
891 2830 1086 2908 cuiusdam,
1108 2840 1208 2914 gente
1220 2831 1310 2917 Syri,

255 2914 507 3004 aphilosopho
540 2918 747 3001 cognomine
774 2915 920 2988 diversi,
954 2938 1056 3003 quem
1084 2915 1137 2980 Μ.
1165 2916 1310 2980 Aurelio

219 3026 224 3037 ·
253 3006 445 3091 imperante
468 3002 594 3067 vixisse
617 3002 823 3090 perhibent,
847 3002 1065 3089 Babylonica
1083 3005 1152 3068 sive
1163 3005 1310 3068 Amores

254 3092 443 3155 Rhodunia
466 3101 499 3153 et
523 3089 661 3155 Sinonis
687 3086 784 3153 libris
807 3085 896 3155 XVl
935 3090 1134 3174 (seeundum
1160 3089 1309 3170 Suidam,

211 3213 217 3224 ,
254 3175 436 3252 XXXIX)
461 3177 545 3240 olim
563 3176 744 3255 exstitere,
768 3196 917 3260 quorum
938 3176 1179 3246 summarium
1196 3197 1313 3240 serva-

254 3265 305 3331 vit
325 3263 472 3328 Pltotius
494 3261 579 3325 cod.
593 3261 742 3350 XGlV.,
766 3262 867 3349 quod'
883 3261 1017 3327 Gallice
1038 3265 1141 3330 vertit
1161 3273 1195 3326 et
1205 3262 1311 3327 doctis

254 3350 345 3414 notis
366 3348 594 3428 illustratum,
617 3369 695 3412 cum
720 3347 843 3427 notitia
865 3347 1027 3413 litteraria
1051 3351 1093 3413 de
1113 3348 1312 3430 Iamblicho,

254 3436 364 3500 edidit
390 3435 556 3501 Churdon
579 3434 622 3500 de
644 3436 681 3502 lu
705 3434 882 3500 Rochette
902 3434 1146 3525 in-Me'langes
1169 3437 1211 3501 de
1232 3435 1314 3503 cri-

254 3527 350 3610 tique
376 3534 410 3587 et
445 3524 488 3587 de
512 3521 712 3609 Philologie
741 3521 786 3588 T.
809 3519 837 3586 Ι.
870 3543 902 3608 p.
936 3523 1072 3587 18-52.
1106 3545 1142 3609 p.
1165 3525 1315 3611 72-87,

253 3608 443 3674 subiunctis
467 3606 594 3672 ibidem
619 3608 760 3672 minutis
783 3608 1080 3697 Babylonicornm
1104 3610 1314 3695 fragmentis,

203 3723 208 3732 ·
255 3701 398 3783 quaein
417 3696 552 3760 Lexieo
576 3696 700 3760 Suidae
724 3696 880 3782 dispersa
901 3696 1082 3781 diligenter
1106 3697 1258 3782 collegit,
1280 3706 1314 3759 et

257 3795 423 3868 quantum
442 3782 636 3846 coniectura
659 3786 793 3869 assequi
814 3783 944 3869 potuit,
974 3806 1037 3848 suo
1057 3783 1216 3872 quodque
1237 3784 1314 3847 loco

253 3889 422 3953 reponere
446 3877 587 3934 conatus
610 3880 669 3955 est.
704 3867 869 3955 Longius
882 3870 1054 3955 quoddam
1072 3872 1317 3957 Fragmentum

254 3958 330 4042 περὶ
352 3950 501 4042 προόδου
523 3956 585 4020 τοῦ
604 3956 839 4039 Βαβυλωνίων
859 3958 1048 4042 βασιλέως,
1086 3958 1179 4042 quod
1212 3957 1253 4021 ab
1273 3956 1317 4020 Is.

255 4042 381 4108 Vossio
400 4043 506 4108 ecod.
529 4041 681 4108 Florent.
706 4042 934 4134 descriptum,
959 4047 1022 4111 sub
1043 4045 1202 4145 Adriani
1217 4043 1320 4134 Tyrii
1387 4094 1392 4105 .
