2942 4875
321 337 459 404 Porus
473 335 708 414 Dumium.
735 323 909 405 Tnes'ms.
937 338 1124 417 Erramus
1193 326 1258 410 '1¹45

265 515 315 644 ’,
508 497 512 502 ’
682 510 832 618 tn

277 684 371 748 Dum
391 681 570 750 ferierunt
588 684 641 749 sio
659 683 808 748 Athenis
830 682 1074 774 philosophiae
1092 694 1128 750 et
1148 684 1261 751 liuto·

207 772 285 838 riae
299 761 423 849 studio,
446 772 554 857 riguit
569 771 696 836 ibidem
710 794 835 835 novum
848 774 1014 842 carminis
1020 796 1133 873 genus
1142 821 1152 851 ,
1170 774 1262 858 quod

210 880 254 921 ex
271 861 367 946 spico
388 869 488 943 utque
506 859 613 945 lyrico
631 869 745 922 ortum
765 861 995 945 mixtumque,
1017 883 1054 924 ιιι
1073 861 1259 948 utriusque,

209 944 276 1009 ium
299 955 372 1008 tum
392 946 511 1012 studiis
532 944 644 1010 minus
663 941 840 1020 celebrati,
867 943 982 1009 locum
1006 951 1177 1009 successit.
1215 944 1263 1009 Ut

209 1034 301 1095 enim
320 1027 532 1095 Graecorum
553 1053 634 1120 epos
656 1034 794 1119 tragico
813 1034 971 1097 dramati
988 1031 1167 1096 condendo
1183 1053 1261 1095 me·

210 1121 330 1182 teriam
361 1117 591 1206 suppeditasse
621 1119 769 1181 dubitari
801 1130 961 1205 nequeot3
995 1133 1031 1183 ut
1054 1119 1149 1183 idem
1182 1142 1261 1185 mem

209 1205 482 1293 erapsodorum
502 1215 578 1269 arte
599 1207 843 1280 coniunctum,
877 1207 1038 1270 dramatis
1069 1205 1201 1271 lormse
1223 1216 1258 1269 ot

204 1295 336 1361 actioni
354 1293 508 1354 scenicae
528 1292 743 1378 praeluserit:
758 1293 897 1377 'primae
920 1306 1029 1355 tornen
1054 1292 1261 1382 tragoediae

103 1442 107 1448 .
216 1379 372 1444 Graecae
390 1378 539 1463 origines
559 1375 734 1442 o'Baoclsi
746 1378 855 1466 festis
873 1384 942 1441 sire
962 1378 1143 1459 Dionysiis
1161 1389 1261 1462 utque
1351 1426 1353 1431 -

216 1465 349 1539 tuero,
373 1464 483 1548 quiin
505 1463 561 1526 dei
584 1463 753 1528 bonorem
772 1462 1008 1550 dithyrambos
1029 1466 1185 1552 aliosque
1201 1487 1263 1528 ex·

212 1553 424 1637 temporales
443 1550 556 1626 lusus,
583 1552 737 1638 corporis
765 1562 859 1612 motu
882 1561 1046 1636 gestuque
1068 1552 1262 1627 comitante,

213 1637 255 1699 ed
282 1637 500 1700 instrumenti
523 1656 626 1700 sonos
646 1637 769 1700 musici
792 1636 969 1713 tunderet,
1002 1639 1157 1699 omnium
1185 1645 1263 1724 post

211 1720 437 1785 Aristotelem
449 1725 486 1809 *)
503 1724 684 1800 sententie,
708 1724 909 1810 repetendae
925 1732 1014 1785 sunt.
1046 1719 1078 1786 T
1081 1721 1260 1807 ripudion·

213 1808 257 1871 tis
283 1808 383 1870 buius
405 1806 547 1872 choreae
567 1808 721 1874 cuntibus
747 1825 780 1873 et
806 1809 945 1872 ludicris
972 1809 1155 1873 inconditis
1187 1805 1264 1893 (air-

213 1891 516 1980 τοσχεδιάσματα),
539 1894 641 1979 longo
663 1906 820 1984 tempore
841 1897 1037 1972 interiecto,
1060 1895 1263 1972 sollertiorjs

211 1982 343 2066 ingenii
363 1982 477 2044 nescio
498 1982 572 2067 quis
592 1983 852 2049 uuerlocosoris
873 1984 924 2044 vel
944 1984 1049 2046 uar'us
1070 1994 1181 2069 portes
1205 1979 1264 2045 tu·-

210 2068 356 2132 strs'om's
370 2057 507 2143 adiecit,
533 2069 605 2153 qui,
629 2069 710 2134 dum
730 2070 854 2133 chorus
871 2091 889 2131 s
907 2079 1008 2133 contu
1021 2070 1259 2155 requiesceret,

212 2153 341 2239 aliquid
364 2157 458 2218 solus
484 2157 623 2220 mimice
644 2166 825 2230 narraret,
856 2164 916 2217 eut
934 2178 1013 2219 cum
1033 2157 1138 2220 elroro
1156 2155 1264 2218 collo·

212 2253 385 2329 queretur.
433 2241 642 2304 inventionis
674 2242 774 2306 buius
805 2242 879 2305 leus
909 2242 1086 2305 communi
1114 2241 1262 2326 quadem

212 2336 368 2390 veterum
385 2327 549 2413 opinione
568 2323 610 2392 od
630 2326 784 2415 tlzespin
803 2328 977 2405 Atticum,
1001 2347 1042 2389 ex
1060 2326 1166 2392 leeris
1183 2328 1260 2394 vico

215 2413 422 2489 oriundum,
456 2413 575 2477 Soioui
606 2423 639 2477 et
663 2411 841 2479 Pisistrato
867 2414 1058 2500 aequalem,
1093 2413 1261 2481 refertur:

214 2521 284 2587 quo
310 2512 421 2563 temen
446 2499 522 2585 ipso
548 2520 657 2586 neque
682 2501 890 2601 tragoedias
911 2501 969 2563 ille
989 2505 1148 2565 inventor
1175 2521 1264 2564 con-

215 2587 312 2649 tiuuo
331 2584 506 2650 habendus
517 2588 597 2666 erit,
621 2597 653 2650 et
670 2585 751 2651 fecti
768 2587 870 2652 huius
883 2583 971 2650 fanis
988 2588 1029 2649 ed
1045 2587 1263 2652 solosAtlre-

215 2674 512 2756 nienses'spectet,
536 2695 604 2736 non
622 2672 663 2736 ed
681 2673 869 2739 Graeciam
879 2673 1085 2739 universnm.
1111 2671 1264 2737 Chorene

216 2767 307 2821 enim
330 2769 364 2821 et
382 2758 513 2824 ludicro
539 2770 574 2823 et
596 2758 792 2823 fabularum
813 2761 1015 2845 primordio,
1044 2758 1160 2824 multis
1184 2769 1263 2827 ente

216 2843 369 2930 Thespio
397 2847 513 2922 annis,
553 2849 588 2910 in
618 2846 696 2910 eliis
722 2846 915 2910 innumeris
945 2846 1123 2924 Graeciae,
1158 2846 1262 2910 Asine

197 2932 376 3010 minoris,
398 2928 533 3011 ltaliae,
556 2933 687 2996 Siciliae
707 2930 868 3010 urbibus,
887 2934 924 2996 iu
940 2932 1065 2996 Bncehi
1085 2932 1263 3001 vetuere-

215 3018 262 3081 ris
288 3019 458 3082 honorem
477 3019 598 3104 egitets
616 3016 739 3098 fuisse,
763 3040 869 3105 quum
888 3040 950 3107 per
965 3042 1001 3083 se
1022 3002 1263 3106 probabilellit,

215 3114 290 3168 tum
309 3111 511 3189 scriptorum
531 3114 686 3169 veterum
703 3116 738 3170 et
754 3118 1058 3170 monumentorum
1077 3104 1142 3168 fide
1160 3115 1194 3169 et
1219 3126 1262 3168 ue
1310 3117 1314 3125 '

216 3192 418 3255 auctoritate
430 3193 604 3276 probetur.
629 3182 729 3255 Unde
746 3192 820 3283 iure
836 3192 983 3277 quodem
999 3192 1181 3256 Dorienses
1196 3130 1265 3256 be-

215 3278 425 3364 loponnesii‚
458 3278 561 3363 inque
587 3279 639 3343 his
664 3278 821 3367 Sr‘oaonii
843 3279 1035 3379 tragoediae
1055 3279 1263 3342 inventionis

215 3363 355 3428 leudem
374 3364 437 3427 sibi
460 3364 633 3429 vindicare
656 3375 823 3452 poterent
862 3364 1099 3429 VidAristot.
1116 3366 1208 3429 roei.
1224 3364 1256 3429 3.

215 3450 264 3515 ibi
290 3471 331 3513 ue
351 3450 601 3515 Hermsnuum.
626 3450 793 3515 Herodot.
811 3451 893 3516 V.6
917 3493 926 3515 t
949 3449 1178 3515 Themistium
1197 3449 1263 3516 Or.

209 3534 266 3602 ’ΧΙ
309 3558 361 3623 .ρ.
374 3536 415 3599 48
441 3578 449 3599 .
472 3537 546 3601 Nec
567 3558 706 3624 prorsus
722 3535 867 3601 absurde
907 3539 1058 3627 pigenes
1071 3536 1280 3624 Sicyonius„
1307 3604 1310 3607 ,

210 3638 333 3688 sextus
353 3623 503 3687 decimus
521 3637 599 3687 ente
620 3624 652 3687 Τ
657 3624 796 3711 hmpin,
824 3626 1018 3706 tragoediae
1037 3636 1157 3687 auctor
1177 3644 1261 3711 per·

216 3709 354 3775 hibetur
385 3709 517 3774 Suidae
545 3710 593 3800 (v.
611 3710 736 3788 θέσπις
761 3722 795 3773 et
825 3708 939 3789 uetes
959 3711 1044 3799 πρὸς
1073 3709 1262 3797 Διόνυσον),
1361 3708 1363 3713 ’

250 4003 450 4123 ’)(ΡοΡΡ3ἓιίεα
472 4021 495 4056 e.
505 4005 530 4057 4.
548 4003 670 4070 ol.Diog.
682 4004 770 4056 Laea.
784 4003 837 4056 III.
847 4001 890 4059 56.
907 4017 933 4055 st
946 4004 1092 4056 Hermann
1102 4003 1138 4056 sd
1148 4001 1261 4059 Aristeu

303 4091 316 4123 e
348 4087 400 4125 oet.
415 4089 511 4142 pioq.
1207 4124 1210 4130 Ι
