2942 4875
497 451 979 517 Aursrorssns
1202 451 1263 516 ιώ

211 624 368 691 Idalerus
392 624 427 687 in
455 632 639 689 comment.
666 593 774 708 germ.
809 624 923 690 Ueber
949 625 1013 687 clas
1039 621 1265 687 Verbiiltniss

106 783 112 791 ‚
211 714 270 776 dea
297 709 510 798 Caperniaas
534 734 613 775 zum
637 712 858 786 Altertliam,
888 712 1010 773 inserts
1034 710 1161 773 Museo
1183 709 1263 773 An-

210 799 330 885 nquit.
350 819 367 858 a
386 794 520 859 Wolfio
538 808 571 860 et
593 797 804 861 Buttrnanno
826 799 917 860 edita
938 798 981 864 Τ.
994 797 1034 860 ll.
1058 819 1090 880 p.
1103 801 1262 881 399-412.

211 882 255 946 cf.
275 882 568 969 Writenbacbius
590 884 631 947 ad
656 885 810 948 Platonis
834 884 960 948 Pbaed.
984 884 1004 946 Ι.
1018 883 1038 945 l.
1059 880 1202 946 Fabricii
1224 883 1261 944 B.

212 969 257 1032 G.
281 966 581 1055 v01.l.p.·so·2sq.
606 971 662 1034 Aa
691 971 888 1035 .Baeeklu'i
907 971 1004 1057 Disp.
1025 969 1066 1032 de
1085 968 1262 1032 Platonica

110 1084 115 1090 ·
211 1067 394 1144 systemate
406 1056 601 1121 caelestium
616 996 815 1140 glebarum,
839 1059 924 1121 etde
938 1079 1013 1122 vers
1024 1055 1140 1118 indole
1152 1067 1264 1118 astro-

210 1144 346 1207 noiniae
369 1143 573 1210 Philolaicaa
592 1143 751 1206 Heidelb.
769 1148 860 1208 1810.
881 1151 911 1208 lt.
936 1155 1009 1208 turn
1034 1143 1184 1205 eiusdem
1204 1142 1264 1226 qui

212 1229 476 1317 nuper-prodiit
509 1231 613 1305 tiber,
628 1230 677 1292 in
700 1252 769 1317 quo
793 1233 989 1319 plutiosaphi
1013 1228 1113 1296 huius
1137 1228 1263 1315 placita

212 1330 247 1380 et
271 1318 476 1401 scriptorum
507 1315 698 1400 fragmenta
723 1339 808 1401 quae
837 1327 1035 1402 supersunt,
1068 1337 1085 1377 a
1114 1313 1261 1378 Stobaeo

211 1404 364 1466 maxime
385 1403 532 1479 servata,
571 1403 735 1489 explicuit
745 1413 787 1486 et
810 1404 1009 1482 illustravit,
1042 1404 1106 1464 boc
1131 1402 1257 1468 indice:

213 1488 395 1553 Plu'tolaos
414 1489 473 1553 des
495 1490 604 1558 Prtlm
634 1512 745 1552 oreore
765 1490 904 1552 Labrcn
923 1492 1019 1553 nebat
1038 1488 1103 1557 den
1122 1487 1262 1551 Branb-

211 1575 353 1726 stiicgken
373 1575 484 1722 egitras
510 1512 675 1656 Μίενῖεε,
704 1595 772 1638 van
790 1576 932 1663 August
955 1574 1103 1641 Boea-kb.
1127 1567 1263 1639 Barali-

213 1680 278 1724 aur
310 1681 357 1748 ¹9·
404 1708 413 1726 .

645 1831 789 1923 ΜΒ·
854 1863 863 1926 r

277 2005 455 2072 Platonem
472 2005 591 2093 viginti
609 2029 670 2094 per
689 2029 796 2070 snrros
818 2006 965 2070 Athenis
983 2006 1157 2070 audiverat
1174 2007 1264 2071 Ari·

210 2095 364 2168 stoteles,
397 2094 602 2158 Nicomachi
621 2096 741 2159 medici
766 2095 871 2166 iilius,
908 2105 1007 2155 uatus
1034 2097 1203 2180 Stagirae
1227 2095 1262 2155 in

211 2181 414 2246 Macedonia
431 2179 489 2244 01.
501 2180 631 2247 XCIX.
648 2206 674 2245 r.
686 2203 715 2243 a.
729 2180 796 2244 Ch.
807 2179 880 2246 384.
903 2179 991 2243 uude
1006 2181 1196 2268 Stagirites
1208 2182 1263 2243 di·

211 2269 312 2331 citur.
357 2269 405 2343 ls,
435 2268 563 2330 relictis
588 2278 664 2354 past
693 2266 825 2330 obitum
850 2268 998 2347 magistri
1021 2265 1185 2341 Athenis,
1219 2265 1262 2330 ad

210 2354 405 2418 Harmiam
425 2353 641 2428 euiiucbum,
669 2353 818 2415 Platonis
837 2353 1062 2439 discipulum,
1085 2352 1263 2416 Atarneu-

213 2440 301 2502 sium
321 2441 355 2501 in
381 2441 488 2524 Mysis
507 2451 714 2526 tyrannum,
737 2440 904 2505 amicitiae
925 2451 957 2503 et
974 2437 1113 2529 hospitii
1132 2442 1207 2504 iure
1222 2462 1263 2503 aa

213 2525 851 2607 necessitudinesibidevincturn,.sese
865 2526 1024 2590 contulit:
1047 2548 1132 2613 qno,
1152 2533 1263 2590 trien-

214 2612 274 2675 nio
294 2621 385 2710 post,
408 2613 496 2697 regis
515 2614 692 2678 Persarum
711 2616 823 2687 iussu,
847 2614 1042 2691 interiecta,
1068 2606 1262 2701 Mitylenen

215 2698 386 2786 proiugit,
423 2700 513 2763 unde
536 2723 619 2764 max
640 2700 843 2765 01.Clx.2.
869 2722 886 2762 a
912 2700 1263 2800 Plrilrpqrablacedo·

214 2806 299 2849 num
322 2808 398 2869 rege
410 2788 617 2865 sirensibus,
642 2788 855 2864 Alexandri,
884 2786 1076 2872 quindecim
1102 2799 1173 2850 tum
1198 2809 1263 2850 an·

218 2894 344 2937 norum
366 2873 499 2937 iuvenis
525 2876 625 2961 regii,
650 2874 848 2938 instituendi
871 2873 1115 2959 erudiendisque
1142 2895 1262 2936 curam

215 2971 405 3044 susceptam
421 2964 555 3045 parenti
574 2963 711 3049 filioque
731 2966 817 3025 adeo
835 2962 1007 3047 probarit,
1031 2972 1067 3023 ut
1082 2962 1262 3045 utriusque

213 3067 382 3123 amarem,
413 3048 579 3112 bonorem
606 3060 750 3125 statuae,
787 3049 982 3134 patriaeque
1007 3044 1262 3115 assueveras

198 3135 510 3210 restaurationem,
536 3136 625 3198 baud
643 3134 890 3198 contemnenda
912 3157 1035 3220 operae
1056 3156 1135 3197 suae
1158 3132 1264 3197 ferrat

213 3221 375 3309 praemia.
424 3222 506 3285 Post
527 3221 678 3311 Philippi
701 3233 844 3286 mortem
868 3222 943 3305 (01.
957 3220 1048 3284 CXI.
1068 3234 1121 3297 rs,
1146 3223 1263 3308 prius-

215 3329 317 3393 quam
339 3313 374 3370 in
393 3308 512 3371 Asiam
530 3308 716 3373 discederet
733 3307 950 3381 Alexander,
973 3307 1126 3369 Athenas
1144 3328 1263 3370 rever·

215 3416 290 3469 sus,
324 3395 358 3455 in
384 3399 552 3479 gymnasii
580 3393 783 3471 suburbani,
822 3394 876 3455 cui
905 3391 945 3454 ab
967 3392 1138 3478 Apaliinis
1161 3391 1263 3480 Lycii

179 3528 187 3541 .
214 3480 345 3567 templo
364 3481 477 3545 vicino
499 3482 606 3563 Lycei
619 3504 746 3544 nomen
767 3480 930 3554 inditum,
955 3481 1087 3564 porticu
1107 3481 1264 3544 ambula-

214 3569 301 3630 toria
324 3555 586 3656 (marinariis)
609 3567 745 3633 scholae
763 3591 781 3629 a
800 3590 833 3629 se
849 3566 1006 3628 conditae
1024 3566 1184 3628 tredecim
1203 3586 1264 3651 per

216 3676 323 3718 annas
343 3653 501 3737 praefuit.
546 3652 711 3720 Extincto
730 3654 868 3717 demum
891 3674 968 3736 rege
986 3649 1056 3738 (01.
1068 3651 1195 3718 CXIV.
1214 3660 1263 3737 r.)‚

213 3741 437 3807 inimieorum
470 3740 616 3803 invidiae
647 3754 681 3805 at
711 3739 1005 3803 criminationibus
1032 3738 1263 3806 subducturus

215 3850 265 3901 se.
293 3826 665 3892 t'lralor'demEnboeae
682 3828 768 3892 ciam
782 3830 919 3890 secessit
934 3826 1173 3912 philosophas,
1197 3827 1263 3893 ibi·

216 3937 281 4000 que
303 3936 393 3977 auno
417 3915 587 3999 sequenti,
609 3915 779 3979 incertum
800 3915 923 3978 morbo
945 3933 987 3976 sn
1010 3927 1118 3977 marte
1139 3915 1264 3979 valun-

215 4002 300 4063 taria
321 4022 519 4086 oppressus,
552 4024 659 4073 antias
682 4013 780 4064 natus
808 4012 874 4065 tres
900 4011 933 4063 et
952 4002 1144 4081 sexaginta,
1178 4004 1265 4067 obiit

215 4108 305 4151 sarra
329 4094 429 4152 tertio
449 4088 594 4175 Olymp.
608 4087 736 4153 CXIV.
753 4111 782 4151 a.
795 4086 859 4165 Cb.
871 4088 943 4155 322.
962 4132 1005 4144 -
1041 4082 1082 4175 Ρ)
1094 4087 1264 4171 tiiagorae,

219 4174 450 4255 Parmenidis,
473 4174 687 4264 aliarumque
700 4173 989 4265 philosophorum
1005 4196 1137 4240 morem
1154 4188 1265 4243 secta·
