2942 4875
508 442 911 506 Pnsnnonnnne:
1211 439 1233 505 3

181 626 343 707 granant,
367 614 472 700 inque
493 612 751 700 opulentissima
772 609 859 679 urbe
887 610 1015 679 tertiae
1034 610 1152 677 aetatis
1172 612 1234 678 de·

182 727 286 773 cursu
313 702 488 767 dominata
507 710 601 766 sunt.

666 908 749 998 pi.
824 949 827 966 ,

252 1113 369 1195 Quum
390 1109 598 1177 liberaliores
620 1123 709 1178 artes
731 1105 947 1179 doctrinaeve
966 1111 1030 1178 vin
1049 1110 1230 1198 reperian-¹

185 1214 259 1281 tur,
287 1222 369 1284 quas
391 1198 533 1277 Graeci,
553 1201 581 1263 si
601 1223 673 1264 non
692 1201 903 1278 invenerint,
927 1211 1017 1264 corte
1038 1198 1128 1263 hand
1150 1219 1232 1285 per·
1318 1269 1321 1276 Β

185 1287 329 1353 fecerint
351 1288 554 1374 scriptisque
580 1308 622 1349 ex
648 1288 854 1352 lanarerint:
888 1286 957 1350 sint
977 1299 1106 1365 eutem,
1137 1306 1234 1370 quae,

183 1386 224 1439 nt
243 1370 481 1462 perficiantur,
504 1393 575 1437 non
587 1311 698 1437 solum
710 1374 847 1461 ingenii
858 1394 922 1458 ope
937 1371 1130 1448 divinioris,
1152 1371 1234 1459 pul-

185 1462 279 1541 chri,
304 1462 378 1524 veri
409 1481 447 1524 ac
479 1459 597 1525 decori
624 1482 727 1524 sensu
757 1460 925 1524 acerrimo
950 1468 983 1520 et
1005 1460 1233 1545 incorrupto,

184 1549 331 1634 linguae
356 1544 558 1623 ditissimae,
590 1567 812 1625 numerosae,
839 1556 873 1610 et
897 1566 1103 1632 quocunque
1128 1545 1234 1607 ducas

185 1631 364 1710 flexibilis,
396 1643 515 1720 parato
537 1633 725 1722 praesidi0,
758 1632 817 1697 sed
836 1643 1031 1719 temporum
1059 1630 1235 1721 etiamse-

186 1720 325 1784 licitate
340 1718 485 1802 quadam
501 1740 686 1805 rerumque
706 1717 966 1806 opportunitate
989 1717 1179 1801 indigeant3
1198 1717 1236 1781 iu

186 1803 310 1891 quibus
322 1805 552 1892 principatum
572 1804 714 1870 Graecis
729 1802 953 1870 deferendum
968 1825 1040 1868 esse
1059 1825 1160 1867 nemo
1172 1803 1238 1865 du·

186 1891 285 1956 bitot:
304 1912 476 1977 quumque
494 1892 620 1970 iidem,
637 1891 831 1958 admirabili
854 1892 1000 1976 quadarn
1018 1890 1237 1953 soeculorum

187 1979 442 2042 continuatione
464 1979 632 2063 serieque,
656 1989 708 2044 tot
728 1989 763 2042 et
782 1988 875 2042 tanta
901 1990 1038 2063 tamque
1061 1977 1155 2041 varia
1179 1977 1238 2039 in·

185 2065 296 2151 genii,
317 2063 397 2128 artis
419 2074 453 2130 et
470 2065 643 2130 doctrinae
665 2073 907 2143 monumenta,
929 2064 972 2129 ab
992 2064 1132 2127 interitu
1153 2083 1239 2150 par-

185 2155 250 2214 tim
269 2161 417 2230 servata,
449 2152 669 2237 reliquerint:
693 2163 883 2242 postremo,
906 2173 1013 2236 quum
1032 2150 1236 2236 discipline·

188 2259 286 2318 rum,
313 2259 396 2324 quas
422 2239 584 2318 colimne,
607 2240 842 2327 complurium
866 2239 920 2302 vel
941 2259 1101 2325 praesens
1121 2237 1237 2301 forma
1284 2276 1289 2286 ·

188 2335 224 2388 et
241 2325 376 2389 habitus
400 2347 419 2388 a
439 2326 652 2391 Graecorum
669 2324 859 2426 praeceptis
882 2324 1110 2409 institutisque
1136 2345 1239 2411 repe-

187 2421 281 2476 tetur
297 2432 435 2477 necesse
453 2413 511 2476 sit:
534 2423 657 2501 sponte
674 2412 892 2498 nrtelligitur,
911 2410 1102 2476 litterarum
1122 2410 1239 2475 omni-

185 2516 251 2580 no,
280 2497 386 2587 quid?
417 2498 571 2563 culturae
602 2502 735 2586 generis
758 2498 901 2563 humani
927 2499 1108 2564 historiam
1134 2500 1238 2585 igno·

186 2608 282 2664 rare,
308 2606 428 2673 quem,
452 2586 533 2670 qnid
552 2587 589 2650 in
611 2586 763 2672 quolibet
790 2586 916 2651 artium
935 2595 969 2651 et
979 2583 1241 2674 disciplinarum

186 2694 312 2761 genere
338 2672 571 2767 praestiterint
596 2672 739 2754 Graeci,
767 2668 889 2758 fugiat.

224 2844 355 2905 Doridis
376 2845 551 2901 Ruhnkenii
566 2847 660 2900 aretio
683 2821 722 2899 de
740 2844 861 2900 Graecia
878 2846 983 2900 artium
1003 2862 1034 2901 se
1046 2844 1239 2901 doctrinarum

273 2916 451 2977 inventrice,
472 2916 561 2983 Lugd.
582 2917 643 2969 Bet.
663 2915 739 2983 17⁵7·
754 2917 781 2968 4.
791 2916 869 2969 edita
886 2932 960 2969 nuno
982 2915 1150 2974 ineiusdcm
1162 2933 1241 2970 eum-

274 2984 316 3040 mi
343 2983 402 3041 riri
416 2984 568 3057 Opasculis
584 2984 656 3040 ibid.
679 2986 745 3055 1807
762 2986 926 3056 pqr-104.
1028 3050 1031 3053 ,

677 3226 759 3345 ts.

255 3398 472 3551 Discipllinae
489 3398 591 3465 huius
612 3398 754 3487 sontes,
780 3400 846 3488 ipsi
869 3411 1026 3467 annones
1045 3410 1175 3466 veteres
1197 3419 1243 3464 u·

192 3489 349 3571 tritisque
380 3488 500 3573 ‘nguae
516 3486 662 3553 adeundi
679 3501 771 3555 sunt.
816 3490 957 3554 Praeter
975 3500 1104 3553 ceteros
1127 3498 1243 3552 autem

191 3571 342 3637 discendi
369 3574 499 3662 cupidis
522 3575 808 3641 commendentur
831 3576 975 3655 Strabo,
1006 3576 1072 3640 scri
1099 3585 1131 3640 te
1157 3575 1241 3639 rhe-

189 3662 300 3723 torica
322 3659 490 3744 Dionysii
508 3660 796 3742 Halicarnassei‘,
825 3664 988 3728 historica
1021 3674 1055 3728 et
1076 3598 1244 3727 litteraria

191 3745 379 3813 Plutarchi
385 3795 395 3829 ,
420 3746 594 3833 Diogenis
611 3750 773 3829 Laertii,
806 3751 983 3816 Athenaei
989 3798 997 3827 ,
1020 3749 1244 3827 Philostrati3

192 3832 364 3897 Iohannis
395 3833 538 3898 Stobaei
578 3835 727 3921 Eclogae
760 3849 794 3901 et
826 3837 1097 3923 Antlrologinm,
1120 3835 1244 3902 Pliotii

193 3919 444 4006 Myriobiblon,
459 3920 598 3986 lexicon
611 3923 762 4003 Siciliae,
775 3923 952 3991 Ciceronis
972 3947 1075 4011 opera
1088 3922 1243 4010 philoso-

104 4064 110 4071 .
192 4005 295 4094 phice
327 4017 361 4072 et
381 4006 734 4097 rhetoricatttntas
770 4006 902 4088 maior,
938 4011 1159 4096 Quintiliani
1183 4012 1244 4074 ln-

122 4112 128 4121 ·
194 4093 413 4248 stinguonum
421 4092 510 4161 liber
528 4093 589 4179 X,
607 4096 806 4182 Suetonius,
822 4100 937 4168 Anias
953 4100 1089 4170 Gellius
1109 4098 1243 4181 etMa·v

196 4202 254 4247 cro
278 4205 343 4250 ιιιε.
1076 4218 1079 4224 ·
1134 4194 1139 4206 ‘
1229 4208 1233 4217 ·
