2942 4875
479 401 880 453 troesenen
961 421 963 424 -
1180 404 1206 472 9

160 540 317 631 quidisi
332 541 509 608 Strabonis
530 539 643 626 (XIV.
655 562 689 627 p.
702 537 792 628 675.)
812 551 845 604 et
867 538 1006 604 alterius
1024 536 1137 602 Schol.
1160 538 1204 602 ad

159 631 346 717 Hephaest.
368 628 465 717 p-3a.
482 627 610 704 raus,
633 623 882 714 deDionyside
902 623 1116 702 testantium,
1141 644 1214 688 au·¹
1260 703 1265 712 .

160 716 298 782 ctoritas
318 713 408 778 haud
432 712 622 799 spernenda
643 712 795 790 videtur,
827 723 904 777 octo
932 714 1070 797 poetae,
1105 712 1205 777 Sosi-

159 804 310 893 phenea,
334 800 529 876 Sositheus,
551 799 730 864 Homerus
751 797 881 874 iunior,
903 797 1110 878 ‘Alexander
1130 798 1207 863 Ae·

160 888 267 964 tolus,
300 885 526 974 Lycophron,
560 884 717 950 Philicus
742 884 811 949 sive
833 883 1023 962 Heliseus,
1054 885 1207 950 Aeanti·
1256 953 1258 957 ,

162 977 222 1041 des
242 983 277 1036 et
297 972 509 1061 Dionysides
532 966 629 1035 erent
644 971 822 1056 adscripti,
844 970 949 1037 unius
967 971 1208 1059 Lycophronis

164 1059 369 1135 Chalcidici,
419 1059 513 1121 o'e'tae
530 1069 564 1121 et
575 1053 814 1135 Grammatici,
829 1053 1024 1121 ·'l'heocrito
1045 1058 1208 1140 aequalia,

163 1149 253 1211 circa
275 1143 373 1209 OLC
452 1145 492 1209 V.
504 1150 535 1207 4.
559 1154 635 1207 ante
650 1142 713 1206 Cb.
727 1166 761 1207 n.
774 1163 865 1230 ²77··
897 1154 1052 1229 superest
1073 1143 1208 1209 Meno.

111 1262 119 1273 ·
162 1234 224 1299 die
244 1231 423 1380 (proredie‘g
434 1230 608 1379 lquaedam
627 1230 774 1314 integra,
807 1228 867 1292 sed
887 1229 1126 1294 obscurissima
1147 1231 1206 1296 iu-

163 1319 367 1403 telleotuque
424 1323 430 1335 ‘
470 1316 610 1393 cillima,
648 1314 867 1380 Cassandrea
885 1316 953 1380 sive
972 1318 1209 1397 Alexandreae,

165 1406 290 1471 'l‘roiae
311 1403 483 1467 excidium
505 1408 666 1488 variaque
686 1401 721 1464 id
746 1403 942 1465 insecutura
968 1402 1058 1465 mala
1078 1404 1209 1471 iambis

189 1495 337 1579 erpetuis
358 1489 589 1567 vaticinantis,
621 1495 763 1551 nomine
785 1487 911 1572 inscrip
955 1533 980 1568 ,.
997 1508 1084 1574 quae
1107 1488 1210 1553 fabu-

164 1514 277 1644 lhrum
301 1576 436 1639 cuidam
462 1576 557 1659 quasi
577 1573 697 1662 pelago
719 1594 905 1657 comparari
931 1596 966 1653 a,
989 1574 1211 1661 doctrinaque

165 1662 400 1729 reconditiora
422 1662 573 1736 nimium·
601 1671 767 1747 clarentum
795 1658 967 1738 laborans,
1012 1659 1053 1723 ad
1085 1665 1212 1727 saeculi

166 1751 270 1815 huius
281 1748 433 1813 indolem
457 1768 496 1810 oo
522 1748 660 1810 itatione
680 1743 932 1812 informandam
956 1746 1103 1811 multum
1123 1770 1212 1814 con-

166 1836 245 1902 fert.
292 1834 463 1899 Carminis
485 1855 505 1895 o
530 1838 729 1897 scuritaset
747 1851 893 1919 operosa
910 1833 1064 1897 doctrina
1087 1832 1212 1900 effece-

166 1932 269 2002 runt,
300 1930 341 1984 nt
363 1921 454 1986 iuter
480 1930 610 1985 veteres
635 1916 976 1990 iam.Grammaticos
1000 1933 1212 1986 commenta-

167 2010 228 2074 riis
246 2005 331 2071 illud
349 2005 518 2091 explicare
541 2015 710 2070 tentarent
727 2003 860 2090 plures,
883 2027 1030 2091 quorum
1050 2021 1214 2096 excerpta

168 2092 309 2164 eruditio
332 2090 482 2158 Scholiia
503 2094 739 2168 continentur,
771 2099 864 2178 {quae
887 2092 1002 2158 multis
1026 2096 1161 2179 ineptiis
1180 2109 1215 2161 et

170 2180 401 2247 recentiorum
430 2183 564 2280 suisque
587 2176 776 2265 quisquiliis
806 2178 1010 2266 interpolata
1035 2195 1215 2247 servarunt
1306 2215 1310 2224 ·

169 2266 294 2334 fratres
321 2265 485 2342 Teetsoe,
513 2263 650 2328 infimae
671 2265 862 2350 graecitatis
882 2266 1068 2350 scriptores
1087 2271 1215 2336 saeculi

171 2354 268 2430 XlL,
301 2351 361 2439 qui
387 2355 570 2413 coniuncta
596 2371 701 2435 opera
727 2347 856 2415 scholia
876 2350 961 2414 baec
986 2354 1215 2441 composuisse

172 2443 335 2508 videntur
360 2436 556 2501 doctissimo
577 2434 749 2515 Miillaro,
780 2441 979 2517 tutamen,
1012 2448 1050 2502 ut
1070 2440 1217 2510 Iaeucus

173 2550 212 2592 ea
227 2527 376 2611 primum
398 2522 522 2601 aderet,
541 2523 692 2607 loannes
712 2543 793 2588 vero
810 2537 1080 2609 recognosceret,
1097 2548 1218 2594 emen-

174 2612 280 2692 daret,
301 2631 340 2674 ac
360 2609 477 2674 multis
492 2608 814 2694 partibus'augeret:
837 2611 927 2676 unde
942 2612 1070 2699 duplex
1091 2613 1219 2683 horum

177 2697 387 2764 scholiorum
409 2700 563 2760 recensio
593 2695 658 2758 erit
687 2696 881 2780 statuenda,
914 2719 998 2846 quaa
1019 2700 1057 2763 in
1078 2701 1218 2769 diversis

59 2813 67 2817 ·
174 2783 349 2850 codicibus
379 2781 490 2847 adhuc
520 2780 635 2847 multia
665 2802 700 2845 so
731 2784 848 2867 prodit
880 2784 1024 2850 iniciis.
1078 2787 1219 2855 Praeter

177 2872 381 2939 'I'zetzieuos
413 2870 476 2933 bos
502 2868 781 2948 commentarios,
807 2868 877 2933 'alia
901 2871 1002 2934 etiam
1024 2883 1160 2941 exstant
1183 2879 1221 2943 in

148 3030 152 3036 ,
176 2957 358 3035 laudatum
376 2955 621 3041 Lycophronis
642 2976 781 3018 carmen
804 2955 946 3022 Scholia
963 2948 1117 3043 minora,
1139 2985 1221 3052 spa-

177 3047 233 3110 tiis
263 3065 426 3109 versuum
455 3044 499 3119 in¹
519 3042 627 3108 Codd.
660 3041 855 3128 Vitebergg.
887 3045 1103 3133 interposita,
1149 3072 1221 3115 nou
1315 3051 1317 3054 ⁴

177 3135 297 3211 unius,
330 3139 369 3193 ut
389 3130 539 3208 videtur,
573 3150 678 3215 quum
700 3129 835 3212 aetatis,
868 3138 940 3195 tum
968 3136 1132 3216 auctoris,
1163 3138 1223 3201 sad

179 3220 324 3283 'suarzaa
342 3216 550 3301 temporibus
568 3220 693 3299 partim
710 3215 812 3301 longe
835 3218 966 3300 priora,
988 3241 1091 3306 quae,
1115 3244 1223 3306 quum

178 3303 496 3389 interpretationem
514 3303 634 3388 poetae
653 3303 779 3365 eximie
799 3307 933 3384 iuvent,
956 3306 1138 3370 aMiillero
1156 3331 1225 3373 nu-

206 3412 244 3454 er
289 3390 416 3453 rimum
438 3388 496 3453 vul
521 3400 574 3451 ata
595 3398 738 3451 sunt-
761 3390 939 3453 sedetiam
960 3401 994 3454 tr
1044 3394 1225 3459 oediarum

179 3415 268 3543 lxi
319 3474 473 3539 autXbl
530 3486 649 3537 auctor
674 3474 890 3562 Lycophron
914 3475 1013 3560 perhi
1038 3489 1115 3544 etur
1134 3481 1226 3544 Tze-

180 3574 271 3641 tzae,
293 3583 438 3649 quarum
458 3563 588 3650 viginti
605 3560 745 3625 nomina
763 3560 866 3626 refert
878 3563 1008 3627 Suidas.
1052 3565 1226 3632 Dramatia

181 3668 297 3716 autem
317 3648 471 3734 satyrici,
493 3647 586 3735 quod
607 3647 649 3711 ad
669 3647 862 3712 irridendos
880 3650 1106 3739 philosophos
1129 3674 1228 3717 com-

181 3737 350 3827 positum,
382 3734 599 3812 Menedemi,
631 3733 868 3798 Eretricorum
891 3735 1051 3803 sl'amiliao
1078 3742 1228 3826 parentis

182 3823 324 3913 (ΜΨ),
347 3823 490 3885 nomine
510 3821 748 3906 inscripserat,
773 3821 826 3886 vel
844 3820 1034 3908 fragmenta
1062 3828 1229 3892 nonnulla

183 3918 362 3976 servarunt
381 3907 555 3991 Diogenes
577 3908 737 3971 Le'e'rtiua
759 3919 793 3971 et
814 3908 1027 3990 Athenaeus,
1057 3934 1124 3997 quo
1145 3924 1229 3981 teste
1272 3968 1275 3975 .

185 3997 289 4062 etiam
311 4016 397 4082 opus
426 3993 614 4060 litteratum
641 3994 684 4061 de
706 3995 894 4061 Comoedia
921 4000 1009 4084 (περὶ
1028 3998 1230 4092 Κωμῳδίας)

1000 4108 1020 4149 a
