2942 4875
202 439 244 504 61
384 452 631 504 arnonmaa
654 454 775 503 caus.
800 451 1035 503 munnae

269 609 357 675 Cum
379 611 601 675 Anacreonte
629 612 716 698 apud
746 611 996 701 Hipparchum
1021 610 1168 675 Athenis
1191 612 1246 674 vl·

202 697 257 761 xit
287 696 481 762 Simonides
516 696 620 773 Ceus,
664 720 682 760 a
709 698 796 772 Ceo,
835 699 938 761 maris
960 700 1098 783 Aegaei
1123 697 1244 775 insula,

202 784 333 860 dictus,
355 784 390 846 ia
415 787 511 846 cirins
537 785 622 847 urbe
646 784 761 848 Jalide
781 785 891 848 lucem
919 784 1076 867 adspexit
1100 780 1244 869 Olymp.

101 931 106 938 .
201 870 282 946 LV,
294 891 324 934 2.
335 869 438 932 seh.
449 871 530 957 5593
554 869 805 958 Scopadarnm,
830 869 1060 933 nobilissimae
1081 871 1117 933 in
1131 869 1247 932 Thes-

205 956 286 1019 salia
303 957 423 1041 gentis,
445 955 640 1038 familiaris3
664 959 698 1019 in
714 958 828 1045 siagria
841 959 1019 1050 princeps,
1041 959 1077 1022 in
1097 958 1247 1042 quaAe·

203 1042 364 1129 achylum
389 1044 487 1121 vicie,
511 1066 574 1107 nec
593 1065 711 1128 regum
733 1043 837 1106 modo
856 1054 889 1106 et
908 1044 1101 1128 principum
1125 1042 1246 1105 lauda-

203 1140 276 1203 tor,
299 1129 455 1192 mercede
473 1132 610 1214 quidem
634 1130 843 1209 conductus,
869 1141 905 1192 ut
925 1140 1063 1194 notatur
1083 1128 1244 1192 Callima-

203 1214 269 1277 cho
289 1214 344 1277 Fr.
363 1236 430 1302 77„
459 1213 581 1293 luisse,
603 1216 662 1280 sed
684 1218 808 1280 cisium
830 1219 950 1292 etiam,
985 1219 1043 1301 qui
1062 1217 1102 1279 in
1117 1217 1244 1300 campis

201 1301 447 1379 Marathoniis,
470 1304 511 1366 ad
530 1303 561 1366 Τ
565 1302 800 1389 hermopylas,
825 1303 1069 1380 Arremisimm
1101 1297 1245 1365 Salami-

201 1409 247 1451 na
274 1398 307 1450 el
335 1388 505 1452 Plataeam
532 1412 596 1476 pro
627 1388 781 1454 libertale
812 1390 975 1453 Graeciae
1006 1390 1246 1464 occubuerant,

203 1474 410 1538 immoilalia
422 1475 510 1538 lacta
526 1470 734 1540 carminibus
749 1478 993 1565 praedicarisse
1007 1476 1127 1539 fertur.
1152 1475 1245 1539 Nam

200 1563 455 1645 nonagenarius
473 1564 506 1626 in
527 1563 641 1626 Sicilia
658 1564 748 1653 apud
762 1566 972 1636 Hieronem,
997 1564 1248 1651 Syracusarum

201 1669 340 1732 regem,
382 1643 470 1712 diem
499 1648 580 1713 obiil
610 1673 809 1737 supremum
835 1646 1245 1714 01.Lxxrll.r.a.ch.

199 1738 282 1820 lbq,
313 1756 406 1798 anno
434 1758 502 1823 quo
528 1749 700 1802 natusest
722 1737 893 1803 Socrates.
943 1738 984 1800 ln
1011 1736 1151 1800 musicis
1174 1735 1246 1798 sive

228 1823 347 1886 cilicie
368 1823 615 1886 certaminibus
635 1829 742 1887 sexies
764 1824 985 1909 quinquagies
1007 1824 1127 1886 vicisse
1157 1821 1245 1884 scri·

198 1843 311 1983 bitur,
333 1918 366 1971 el
389 1907 588 1971 l'erebautnr
606 1910 677 1971 eius
695 1911 838 2013 θρῆνοι,
858 1911 1000 1994 ἐλεγεῖα,
1021 1909 1122 1992 μέλη,
1144 1907 1247 1990 ὕμνοι

201 2006 237 2057 et
257 1995 412 2069 παιᾶνες,
435 1996 595 2070 ἐπινίκια,
620 1995 673 2061 ἐπι
696 2018 876 2081 pappare,
911 1996 1094 2080 Ναυμαχὶα
1113 1993 1245 2080 Ξέρξου,

201 2080 246 2144 al.
280 2081 439 2158 Quorum
461 2081 652 2142 carminum
671 2022 878 2166 bagmcuta,
907 2083 943 2144 in
968 2080 1021 2143 bis
1049 2080 1245 2167 pulcherri-

200 2188 318 2240 mum,
354 2164 448 2251 quod
485 2165 608 2231 Danae
635 2168 975 2244 inscribitur-:inter
999 2166 1188 2230 Gnomicos
1213 2175 1247 2230 et

197 2251 213 2318 l
240 2256 390 2314 cicorum
411 2253 773 2342 prie'larumpeliquias,
796 2255 925 2343 pluries
937 2253 1105 2332 laudatas,
1128 2274 1247 2317 emen-

226 2340 313 2401 atias
334 2360 415 2402 vero
437 2339 473 2402 in
501 2340 672 2405 Brunckii
694 2343 875 2407 Analectis
905 2342 1076 2423 legantur.
1120 2340 1246 2405 vene.

201 2436 285 2491 runt
304 2430 564 2515 epigrammata
589 2427 774 2492 Simonidis
796 2428 894 2493 (lom.
919 2427 1001 2493 Chr.
1021 2425 1243 2513 Stolbergius,

201 2513 398 2589 Herderus‚
424 2536 462 2577 ac
484 2514 632 2599 plurima
649 2515 828 2581 lacobaiua
846 2517 882 2578 in
902 2514 991 2578 libro
1010 2518 1067 2599 qai
1086 2514 1243 2578 inscribi-

200 2611 260 2665 tur
289 2599 417 2687 Tempe
442 2602 535 2687 Lips.
555 2601 646 2665 1803.
666 2604 696 2667 8.
740 2604 861 2689 Neque
879 2603 1018 2687 poeseos
1038 2600 1149 2665 solum
1167 2600 1245 2663 lau-

202 2686 244 2751 de
266 2685 383 2750 floruit
400 2686 487 2751 Orus
508 2685 565 2749 hic
587 2687 798 2766 Simonides,
831 2690 891 2752 sed
910 2691 1000 2753 artis
1025 2688 1126 2751 etiam
1147 2710 1245 2751 mne-
1291 2700 1303 2723 “
1328 2730 1333 2738 ·

201 2774 361 2837 monicae
383 2776 473 2922 appii
496 2784 624 2837 valeres
651 2777 828 2856 inventor,
868 2796 1073 2862 quamquam
1098 2773 1163 2838 fide
1184 2794 1245 2857 pa·

200 2881 279 2925 rum
303 2868 390 2933 luta,
438 2860 572 2936 abatur,
595 2872 643 2938 et,
666 2873 801 2948 praeter
829 2862 906 2925 bina
927 2862 1094 2924 vocalium
1115 2858 1246 2947 produ-

201 2957 332 3013 cturum
357 2946 469 3031 sigua,
499 2972 538 3027 η,
561 2972 603 3023 ω,
627 2947 817 3011 secundum
835 2947 1037 3023 nonnullos,
1067 2953 1131 3011 tria
1153 2967 1242 3033 quo-

203 3054 270 3121 que
291 3054 521 3098 consonarum
548 3032 736 3119 duplicium
757 3035 782 3114 ζ,
805 3033 832 3114 ξ,
854 3052 894 3121 ψ,
916 3034 1081 3121 reperisse
1104 3033 1244 3097 dicitur.

638 3130 651 3155 Ι

234 3202 274 3265 V.
300 3205 364 3260 Leo
392 3204 522 3261 Allatius
548 3204 583 3257 de
610 3206 773 3263 Simeonem
803 3208 919 3275 scriptis
949 3205 1068 3260 Parisii*
1088 3206 1158 3259 1664.
1177 3208 1246 3260 4.-

303 3275 399 3346 Boyle
416 3275 445 3327 ia
466 3276 532 3328 llict
559 3302 586 3316 ·-
623 3278 732 3346 Bolssy
762 3278 890 3333 Histoire
916 3278 952 3328 de
970 3276 1176 3329 Simonideetc.
1196 3277 1248 3327 Pas

305 3342 440 3409 ris.1755.
459 3363 517 3414 rep.
541 3345 611 3396 ibid.
632 3346 707 3409 1788.
726 3343 750 3397 8.
770 3375 798 3387 -
819 3345 948 3400 Duckeri
967 3344 1027 3399 eive
1043 3345 1110 3399 Van
1123 3342 1247 3397 Goensii

304 3412 423 3479 Dissert.
445 3413 480 3465 de
503 3412 649 3466 Simonide
667 3415 734 3467 Ceo.
755 3413 1015 3478 Utrecht‚1768.4.
1034 3443 1062 3456 -
1089 3412 1247 3466 Iacobsius

307 3481 318 3534 i
369 3479 535 3535 Wielandii
559 3484 651 3534 attice
678 3485 793 3548 Museo,
818 3484 851 3533 T.
866 3483 917 3535 lv.
936 3512 963 3523 ·-
1007 3479 1245 3550 Morgemternii

329 3568 346 3599 o
376 3555 509 3603 mentatio
528 3549 563 3601 de
584 3561 644 3602 erte
664 3563 722 3607 vet.
742 3552 930 3619 Mnemonica,
946 3568 1052 3623 praem·
1064 3550 1153 3610 Gaul.
1166 3549 1244 3617 Lice

303 3618 395 3683 Vniv-
412 3619 530 3692 Dorpat.
551 3617 632 3674 1805.
652 3621 701 3690 8οῇ.

667 3860 693 3952 a,
716 3863 770 3928 n.

265 4065 434 4132 Successit
457 4068 662 4143 Pindarus,x
685 4069 871 4135 Simonidis
894 4084 927 4136 et
948 4069 1120 4135 Corinnae
1140 4068 1246 4133 discl-

199 4154 320 4251 pulus‚
352 4178 373 4221 a
392 4154 522 4225 Taenia
549 4156 732 4240 oriundus,
766 4159 862 4226 cinus
883 4159 1011 4225 natales
1034 4157 1078 4223 ad
1102 4154 1243 4247 Olymp.
