2942 4875
203 424 267 512 ¹9⁸
360 422 549 487 Erimus.
572 419 823 518 Hacasirrus.
845 421 1106 488 nenorosus

138 617 140 620 ·
199 596 360 664 Eubulus
378 593 838 681 Anaphlyslius,'ma1imee
855 596 1063 660 auctoritatis
1085 606 1205 660 orator
1220 607 1256 662 et

199 683 427 769 demagogus,
449 683 595 760 Midiae,
617 693 692 746 tum
709 682 908 758 Aeschinis,
939 684 976 746 in
997 684 1129 748 iudicio
1150 685 1189 745 de
1211 705 1251 748 e·

197 774 341 835 mentite
362 768 551 856 legatione,
583 771 743 834 adveisus
775 769 1045 835 Demosthenem
1074 780 1248 857 patronus,

198 857 351 942 legisque
374 857 603 942 perniciosae,
632 868 688 934 ut,
717 857 777 942 qui
797 862 975 944 pecuniam
996 858 1197 923 theatralem
1214 858 1251 919 in

197 945 385 1011 militarem
408 944 648 1021 convertisset,
676 944 787 1030 capite
804 944 1040 1029 plecteretur,
1072 954 1254 1008 auctor.-

197 1031 443 1119 Hegesippas,
464 1032 501 1094 in
518 1030 696 1116 republica
721 1030 871 1113 gerenda
893 1031 1077 1096 meliorum
1103 1032 1255 1118 partium

198 1119 390 1196 studiosus,
414 1118 471 1179 cui
486 1115 606 1182 Critici
631 1127 760 1181 veteres
783 1118 863 1182 duas
883 1116 1125 1181 Demosthenis
1147 1117 1257 1202 vulgo

200 1205 345 1268 creditas
364 1204 524 1267 tribuunt
544 1205 731 1280 orationes,
755 1204 902 1268 alteram
923 1205 965 1267 de
991 1206 1182 1278 Halonesn,
1202 1203 1257 1266 ai-

197 1302 307 1356 teram
327 1288 526 1379 descedere
544 1314 623 1355 cum
639 1291 904 1358 Alexandru-
933 1292 1154 1370 Theodectes,
1173 1292 1256 1353 Pla-

199 1378 311 1456 tonis,
332 1376 491 1441 isocratis
509 1385 543 1439 et
565 1376 760 1441 Aristotelis
780 1377 977 1463 discipulus,
1001 1378 1120 1442 rhetor
1140 1378 1255 1441 clarus

199 1475 235 1528 et
254 1474 380 1539 orator,
403 1464 499 1527 cuius
520 1465 737 1552 Apologiam
759 1463 914 1529 Socratis
942 1464 1057 1528 laudat
1079 1461 1256 1528 Aristote-

198 1550 249 1618 les
269 1549 372 1613 Rhet.
384 1549 425 1614 ΙΙ.
436 1572 467 1634 p.
480 1554 556 1636 490.
567 1594 610 1607 -
626 1549 651 1615 '1
655 1550 867 1638 heopompus
887 1549 1009 1625 Chius,
1033 1551 1189 1615 isocratis
1201 1549 1257 1611 di-

198 1636 350 1724 scipulus
363 1636 622 1712 celeberrimum
634 1657 736 1723 quem
756 1636 989 1716 Quintilianus
1008 1637 1111 1702 tradit
1121 1636 1184 1725 (X.
1202 1636 1257 1723 n),

187 1737 391 1813 -anteqoam
414 1723 463 1787 ati
484 1722 674 1789 historiam
688 1724 902 1806 sollicitatus
923 1739 1030 1802 esset,
1055 1725 1119 1789 dio
1137 1735 1258 1789 orato·

199 1834 274 1880 rem
285 1809 422 1899 fuisse,
445 1821 546 1895 atque
572 1831 612 1873 eo
635 1812 674 1874 in
693 1811 843 1875 historin
864 1812 1070 1877 similiorem
1087 1834 1159 1875 essa
1175 1832 1258 1874 ora·

199 1898 292 1974 tori3
319 1894 444 1959 multas
474 1906 586 1963 autem
607 1897 868 1961 demonstrativi
891 1908 925 1960 et
952 1899 1096 1963 suasorii
1116 1900 1253 1980 generis

199 1985 371 2047 orationes
385 1983 576 2067 scripsisse,
599 1994 718 2049 auctor
732 1993 784 2047 est
795 1984 985 2074 Dionysius
996 1985 1110 2050 Helie.
1125 1985 1192 2073 Ep.
1212 1983 1257 2047 ad

201 2069 358 2162 Pompei.
380 2091 416 2160 p.
431 2073 502 2138 131.

674 2240 700 2335 l·
724 2242 778 2333 96·

264 2414 321 2483 As
339 2413 430 2485 hauc
453 2436 563 2503 nsque
589 2425 754 2495 aetatem,
776 2429 815 2482 ut
841 2415 1019 2481 Ciceronis
1046 2414 1114 2482 fert
1135 2415 1255 2504 opinio

200 2504 251 2587 (ln
272 2505 380 2572 Bruto
399 2503 471 2588 hc.)
493 2506 691 2570 recessitis
708 2516 743 2568 et
762 2507 906 2591 sanguis
931 2505 1155 2593 incorruptus
1174 2526 1257 2568 ora·

200 2603 319 2661 torum
331 2589 437 2678 fuit,
457 2590 621 2678 nitorque
651 2591 828 2655 naturalis
854 2603 888 2655 et
911 2613 982 2656 non
1006 2590 1166 2679 fucatos.
1211 2589 1257 2653 Et

202 2679 271 2743 alio
288 2679 366 2743 loco
383 2676 448 2759 (Do
460 2672 556 2741 Orat.
569 2675 610 2741 tl.
626 2677 691 2759 αὖ.)
713 2677 984 2763 „Posteaquam
1006 2678 1181 2740 exstinctis
1191 2676 1256 2753 his,

200 2765 319 2829 omnia
336 2784 459 2831 eorum
482 2763 650 2827 memoria
683 2764 810 2829 sensim
832 2765 1011 2827 obscurata
1040 2775 1091 2828 est
1114 2776 1147 2827 et
1175 2782 1257 2827 ere-

199 2856 295 2931 nuit3
319 2850 383 2915 alia
403 2848 569 2939 quasdam
595 2850 732 2915 dicendi
752 2850 912 2916 molliora
933 2872 972 2913 ac
989 2851 1183 2914 remissiora
1195 2870 1257 2935 ge-

199 2959 282 3005 nera
298 2937 492 3023 viguerunt.
538 2937 621 3001 lude
643 2936 898 3014 Demochares,
921 2958 1022 3024 quem
1044 2936 1140 3001 aiunl
1158 2957 1257 2999 soro·

199 3024 249 3089 ris
267 3025 377 3088 filium
399 3021 502 3087 fuisse
521 3024 765 3091 Demosthenis
789 3041 864 3089 tum
884 3022 1074 3089 Phalereus
1098 3024 1155 3086 ille
1181 3022 1258 3088 De·
1319 3104 1322 3109 ι

145 3174 149 3187 ,
200 3111 365 3187 metrias,
397 3110 554 3175 omnium
580 3110 744 3188 istorum,
773 3130 849 3174 mea
871 3111 1059 3188 sententia,
1093 3108 1258 3194 politissi-

200 3216 296 3276 mus,
320 3197 444 3284 aliique
467 3219 587 3263 eorum
611 3196 737 3261 similes
760 3198 1000 3262 exstiterunt.”
1024 3196 1258 3263 Democharis

200 3281 326 3360 huius,
349 3285 494 3349 oratoris
523 3295 558 3348 et
583 3281 740 3348 historici
767 3284 926 3369 insignis,
948 3287 1072 3347 iterum
1102 3281 1259 3347 meminit

202 3369 326 3437 Cicero
352 3371 388 3436 in
401 3370 510 3435 Bruto
533 3393 563 3436 c.
576 3370 628 3435 83.
638 3387 672 3449 ·„
684 3369 715 3433 Is
727 3381 761 3435 et
780 3372 952 3438 orationes
965 3371 1101 3454 scripsit
1118 3369 1260 3456 aliquot,

200 3466 236 3521 et
257 3478 374 3521 earum
397 3478 514 3521 rerum
539 3457 735 3537 historiam,
759 3479 845 3545 quae
867 3468 965 3522 erant
982 3457 1130 3521 Athenis
1150 3456 1258 3541 ippius

202 3554 310 3607 aetate
332 3556 461 3629 gestae,
491 3565 562 3609 non
582 3557 651 3608 tam
674 3544 859 3623 historico,
889 3566 992 3630 quam
1019 3544 1170 3608 oratorio
1198 3562 1258 3626 ge-

199 3652 284 3694 nere
306 3630 537 3720 perscripsit.'’
568 3630 741 3697 Eumdem
764 3631 809 3694 ob
834 3634 976 3695 nimiam
999 3642 1034 3694 et
1074 3650 1259 3716 procacem

200 3717 354 3803 linguam
376 3717 644 3783 Parrhesiastes
659 3739 851 3803 cognomen
870 3725 1051 3795 meruisse,
1074 3717 1178 3779 tradit
1197 3716 1261 3778 Se-

201 3826 286 3873 neca
305 3806 346 3867 de
376 3803 431 3869 Iro
453 3803 511 3868 ΙΙΙ.
527 3806 576 3869 23.
602 3802 735 3869 Summi
763 3827 862 3881 vero,
886 3827 970 3890 quos
999 3802 1033 3866 iu
1054 3806 1160 3890 patria
1183 3823 1260 3887 ges-

201 3892 261 3969 sit,
283 3890 432 3957 honores
454 3891 652 3957 referuntur
676 3894 712 3956 in
735 3891 882 3955 Decreto
906 3892 1177 3959 Atheniensium
1205 3911 1260 3974 ap.

202 3976 529 4047 Pseudo-Plutarch.
552 3980 593 4043 de
606 3977 697 4043 Vitis
707 3977 751 4042 X.
765 3976 903 4045 Orator.
921 4001 953 4064 p.
965 3977 1038 4040 851.
1063 3981 1101 4040 in
1123 3988 1260 4060 totaque

203 4066 275 4129 aius
304 4071 389 4142 vita,
424 4063 633 4132 Ruhnkenio
658 4077 797 4135 auctore
828 4066 901 4155 (Ad
924 4064 1030 4129 Rutil.
1054 4063 1109 4127 Lu
1138 4112 1145 4125 .
1159 4086 1191 4149 p.
1204 4066 1259 4149 p),

203 4148 293 4222 nihil
311 4157 420 4239 magis
438 4160 565 4218 eminet
586 4163 686 4240 atque
708 4162 834 4233 exstat,
857 4174 962 4241 quam
983 4151 1074 4240 quod
1092 4088 1134 4233 ah
1150 4170 1262 4217 avun-
