2942 4875
171 305 175 312 ¹
263 336 324 398 106
451 328 1117 394 Hssacsrrvs.sssxsconss

258 501 464 571 Aristotelis
490 503 692 566 auctoritate
719 502 886 566 nituntur.
931 500 1026 580 Quas
1053 498 1192 587 quidem
1221 501 1312 565 reli·

260 591 357 675 quius
386 588 607 676 Philosophi,
646 590 743 653 cuius
771 590 861 676 apud
882 598 1014 651 veteres
1042 610 1205 673 magnum
1233 598 1310 652 erat

259 697 406 747 nomeu,
439 676 696 760 diligentissime
719 698 786 740 non
808 687 942 739 tanturn
968 675 1125 758 collegit,
1161 675 1222 739 sed
1243 675 1306 738 ad-

259 761 407 828 mirabili
429 763 575 847 quadam
601 764 858 827 continuatione
882 763 1034 847 serieque
1055 762 1145 824 inter
1166 783 1202 825 sa
1228 763 1300 823 col·

258 848 380 934 ligavit
402 850 453 910 vir
478 850 709 925 doctissimus,
739 850 840 934 paulo
860 858 937 911 aute
957 870 975 910 a
994 871 1050 911 me
1071 847 1242 922 laudatus,
1262 847 1299 909 iu

260 934 558 1000 Commentatioue
569 941 783 1021 gerunanica,
796 938 918 1000 Museo
930 935 1182 1019 Antiquitatisa
1196 932 1236 996 Vl
1249 932 1299 995 ol-

256 1020 303 1086 fio
322 1032 356 1083 et
373 1022 580 1084 Buttmauuo
599 1025 706 1099 edito,
729 1022 772 1085 Τ.
788 1021 811 1086 Ι.
824 1044 857 1110 p.
869 1021 1051 1086 διδ-536.
1071 1022 1216 1099 inserta,
1236 1020 1300 1083 hoc

256 1107 386 1173 iudice:
421 1109 648 1173 Herakleitos
672 1110 733 1173 der
753 1109 909 1185 Donate,
932 1132 997 1171 von
1019 1107 1194 1195 Ephesos,
1207 1108 1305 1169 -dar-

181 1250 184 1255 ,
252 1196 393 1282 gestellt
413 1218 477 1257 aus
505 1197 572 1259 aen
597 1194 805 1260 'I'riimmern
831 1197 943 1260 seines
959 1195 1117 1259 -Werkea
1140 1195 1215 1258 wid
1236 1193 1306 1256 den

172 1295 175 1302 '
258 1280 480 1368 Zeugnissen
511 1281 573 1344 der
606 1281 730 1360 Attea,
767 1282 917 1345 Baralini
941 1282 1032 1345 1808.
1059 1281 1089 1346 8.
1118 1319 1161 1331 ·—
1205 1279 1305 1357 Quae

256 1379 430 1454 praeterea
447 1366 510 1428 sul)
530 1367 696 1429 Heracliti
716 1370 858 1432 nomine
874 1367 1035 1430 seruntur
1047 1366 1230 1453 Epistolae
1246 1366 1307 1426 in-

255 1464 311 1515 ter
337 1453 518 1540 Epistulas
543 1455 696 1518 Graecas
719 1456 817 1553 apud
837 1457 990 1530 Alsium,
1023 1464 1057 1516 et
1079 1450 1120 1514 ab
1146 1451 1198 1515 H.
1223 1451 1306 1514 Ste-

253 1538 374 1629 plutno
386 1541 423 1601 in
436 1539 539 1602 Poe‘si
547 1541 792 1627 philosophico
810 1541 946 1604 Parisiis
961 1542 1053 1626 1572.
1070 1539 1100 1601 8.
1117 1559 1149 1623 p.
1164 1549 1304 1623 rtasqq.

257 1625 384 1701 editae,
408 1627 564 1689 omnium
588 1648 755 1689 consensu
776 1630 911 1716 spuriae
930 1636 1121 1690 censentur.
1166 1624 1223 1690 Ad
1247 1636 1306 1687 to-

254 1721 326 1775 tam
343 1711 509 1774 Heracliti
527 1713 781 1798 philosophiam
801 1725 930 1802 spectat
948 1716 978 1778 Ι.
994 1713 1049 1776 Μ.
1069 1713 1215 1778 θοεηενί
1230 1710 1304 1773 dis·

170 1841 174 1852 .
279 1800 385 1861 utatio
415 1798 474 1862 De
507 1801 693 1862 arrimahua
726 1801 904 1865 Heracliti
933 1812 967 1864 et
996 1799 1231 1886 Hippocratis
1263 1797 1303 1861 iu

254 1820 500 1949 hammelant.
524 1884 599 1946 Soc.
623 1885 775 1971 Gottiug.
807 1887 851 1951 Τ.
871 1885 896 1953 Ι.
926 1898 961 1950 et
986 1885 1189 1948 nobilissimi
1219 1884 1303 1948 dicti

254 1970 459 2045 Heraclitei,
482 1968 548 2048 αὕη
563 1969 654 2056 ψυχὴ
670 1971 853 2061 σοφωτάτη
867 1978 924 2062 καὶ
939 1970 1079 2059 alpiam,
1104 1973 1205 2036 Sicco
1221 1972 1303 2035 ani-

254 2080 314 2122 ma
333 2058 596 2146 sapientissima
615 2069 647 2120 et
666 2060 821 2146 optima,
844 2061 1064 2134 senitentiam,
1095 2069 1168 2143 post
1194 2057 1301 2121 Wes-

254 2144 443 2230 eelingcum
468 2142 506 2205 iu
530 2143 675 2206 Miscell.
702 2145 803 2208 Obss.
830 2145 911 2209 tot.
927 2146 970 2210 V.
987 2146 1024 2207 Ρ.
1037 2145 1095 2208 lll.
1118 2149 1235 2231 pla„
1268 2153 1302 2207 et

254 2229 438 2316 Heynium
468 2231 504 2291 in
535 2230 663 2316 prolus.
691 2231 751 2295 De
773 2233 970 2298 Animabua
989 2233 1091 2296 siccis
1109 2230 1300 2308 Heracliti,

253 2315 382 2380 inserta
401 2315 471 2378 eius
490 2312 619 2402 Opusc.
641 2318 808 2384 Academ.
831 2318 909 2383 Vol.
921 2318 980 2383 ttl.
998 2339 1029 2404 p.
1046 2323 1184 2404 rolsqq.
1202 2318 1299 2379 docte

254 2402 422 2490 explicuit
444 2402 738 2489 Schleiermacher
758 2404 813 2470 l.l.
831 2427 863 2492 p.
877 2409 1019 2492 fiudsqq.

322 2487 361 2552 ln
383 2491 503 2553 eodem
526 2489 779 2574 disputationis,
815 2492 1035 2580 Philosophis
1061 2488 1164 2554 huius
1184 2495 1300 2555 aetatis

252 2581 405 2640 maxime
420 2574 668 2660 frequentatae,
691 2593 893 2658 argumento
912 2591 1062 2643 versatus
1081 2590 1133 2642 est
1150 2578 1301 2642 Anaxa·

249 2684 361 2752 goras
384 2660 637 2741 Clazomenius,
679 2658 779 2728 uatus
808 2664 867 2731 01.
883 2666 998 2730 LXX.
1024 2690 1049 2730 r.
1071 2687 1100 2730 a.
1122 2664 1186 2727 Ch.
1206 2665 1300 2740 ὅσα,
1337 2733 1341 2742 ,

252 2750 490 2823 Hermotimi,
530 2750 613 2812 civis
640 2752 709 2826 sui,
754 2752 957 2840 discipulus,
991 2750 1161 2818 Archelai
1185 2760 1299 2813 autem

252 2834 398 2913 Milesii,
432 2835 644 2923 philosophi,
680 2838 841 2915 Periclis,
876 2852 909 2904 et
936 2839 1140 2926 Euripidis,
1180 2836 1300 2922 tragici

251 2931 391 3009 poetae,
415 2925 584 3007 magister.
632 2921 664 2986 ls
685 2925 776 2987 iuter
797 2925 947 2989 Graecos
969 2923 1194 3013 philosophos
1222 2928 1298 3011 pri·

208 3008 216 3017 ’
251 3028 347 3082 mus,
372 3008 481 3087 Νοῦν,
508 3009 684 3085 Mentem,
715 3011 996 3098 intelligentiam
1017 3034 1232 3100 supremam,
1256 3008 1298 3073 ab

251 3094 562 3159 elementis'rerum
577 3095 727 3182 physicis
746 3119 929 3183 rerumque
948 3111 1066 3161 natura
1086 3109 1119 3161 et
1134 3098 1296 3175 materia,

252 3182 349 3243 cuius
375 3190 485 3267 partes
510 3182 660 3263 infinitas
682 3180 989 3272 ὁμοιομερείας
1010 3185 1218 3272 appellabat,
1241 3205 1297 3246 se·

252 3266 421 3341 iunxisse,
446 3269 625 3353 omnisque
649 3280 781 3349 motus,
815 3274 945 3336 ordinis
970 3294 1008 3334 ac
1033 3270 1298 3359 pulchritudinis

251 3375 389 3418 causam
410 3351 609 3419 efficientem
630 3354 824 3421 adhibuisse
844 3359 978 3425 dicitur.
1003 3360 1142 3422 Plutia
1156 3358 1299 3420 vitaPe·

249 3442 343 3505 riclis
363 3444 436 3505 cl.
458 3440 553 3507 T.ll.
573 3464 612 3543 μ.ν
625 3451 692 3508 105.
706 3444 863 3508 'l'auchu.
891 3446 968 3522 Τοῖς
988 3446 1080 3522 ὅλοις
1099 3446 1230 3530 πρῶτος
1252 3438 1299 3509 οὗ

248 3528 379 3613 τύχην
411 3523 499 3593 οὐδ’
533 3524 744 3611 ἆναγκην,
788 3532 1039 3616 διακοσμήσεως
1065 3529 1186 3619 ἄρχον,
1209 3527 1296 3596 ἀλλὰ
1349 3556 1351 3561 ·

248 3616 351 3681 νοῦν
370 3614 530 3693 ἐπέστησε
544 3615 709 3701 καθαρὸν
723 3621 780 3681 καὶ
795 3620 958 3703 ἀκμαῖον,
978 3616 1206 3704 ἀποκρινοντα
1225 3618 1299 3692 τὰς

248 3697 565 3786 ὁμοιομερειας.
613 3701 815 3788 Pcrvulgata
844 3706 925 3766 hinc
958 3704 1188 3790 Anaxagorae
1217 3728 1297 3767 seu-

247 3791 351 3851 teutia
374 3786 551 3850 aPlatoue
567 3787 753 3872 significata
774 3790 810 3853 iu
829 3790 954 3854 Phaed.
974 3814 1007 3878 p.
1021 3813 1072 3881 72.
1086 3794 1148 3855 t).:
1170 3792 1298 3856 Πάντα

242 3897 404 3960 χρηματα
426 3896 466 3953 ην
486 3875 584 3958 ομοῦ·
610 3898 683 3939 etta
708 3878 800 3952 licie
819 3874 936 3943 stdov'
960 3876 1048 3943 αὐτὰ
1081 3878 1297 3963 διεκόσμησε

252 3962 380 4025 (limace
391 3980 444 4023 res
455 3984 526 4024 ιεειο
544 3960 576 4023 h.
587 3981 615 4026 e.
634 3962 669 4023 iu
683 3983 792 4026 uuuru
805 3966 965 4043 coul'usa,
989 3970 1177 4029 commixta
1189 3977 1297 4028 erant.

252 4044 345 4111 Tum
358 4046 464 4111 Mem
480 4048 642 4132 accessit,
663 4071 789 4140 easque
805 4052 994 4118 ordinavit.
1016 4054 1165 4120 notatus
1182 4063 1296 4117 tamen
1369 4072 1373 4082 ·
1425 4056 1433 4075 ⁶
