2942 4875
447 401 675 468 Dausaas.
700 400 1055 470 Csaassrssavs
1226 418 1287 489 ¹9⁷
1328 451 1330 453 .

232 579 319 643 riser
340 577 380 640 in
397 574 680 652 Demosthenem,
705 597 807 663 quam
822 588 935 640 tamen
952 573 1119 640 Dinarchi
1135 595 1205 638 esse
1223 595 1287 640 ne·

229 666 325 813 him
351 659 547 726 Demetrius
575 663 731 746 Magnes,
757 673 839 726 teste
863 662 1032 747 Dionysio
1059 664 1169 726 Helie.
1192 662 1285 748 Opp.

268 750 333 813 Ν.
352 751 466 834 pou.
479 747 595 813 Reisk.
616 752 655 814 in
676 750 952 831 Aristogitonem
973 762 1006 811 et
1026 755 1065 812 in
1087 748 1285 827 Philoclem,

231 836 341 899 editae
357 843 389 896 in
403 857 548 920 corpore
561 834 659 906 00„
680 837 722 898 ab
735 837 879 901 Reiskio
891 857 969 899 cum
982 842 1051 900 suis
1069 845 1102 898 ot
1119 835 1163 897 H.
1181 833 1288 896 tiot-

227 919 263 986 fii
282 924 559 988 annotationibus
571 923 603 985 in
621 922 695 987 Vol.
708 921 722 984 l
729 923 759 986 V
773 939 806 986 et
822 922 929 996 Vllh,
947 921 1112 986 caiatiam
1128 919 1173 985 lo.
1188 919 1287 1005 'Pay-

227 1008 293 1073 lori
311 1020 409 1073 netas
432 1022 463 1072 et
496 1010 659 1100 Dionysii
680 1010 801 1076 Halia
829 1009 872 1074 de
891 1002 1088 1081 Dinorclso',
1103 1008 1287 1089 iudicium,

229 1098 404 1160 variorum
423 1098 559 1183 suisque
579 1101 667 1160 notis
685 1096 905 1175 illustratum,
925 1098 1081 1162 inseruit.
1103 1091 1147 1159 cf.
1163 1091 1286 1158 Fabri-

227 1183 299 1248 cius
321 1183 459 1250 Harles.
478 1183 606 1254 Volll.
620 1185 737 1272 ptos.

684 1340 806 1447 'to
915 1313 923 1322 ¹

298 1528 447 1593 illustris
470 1529 572 1592 etiam
591 1527 710 1593 iisdem
735 1527 950 1616 temporibus
979 1538 1096 1592 orator
1116 1525 1183 1590 fuit
1206 1527 1283 1591 De·

230 1617 351 1680 marles
361 1614 603 1692 Atheniensis,
620 1615 864 1682 Demosthenis
883 1613 1108 1692 adversarius,
1130 1615 1185 1676 sed
1205 1636 1283 1675 mo·

227 1721 307 1766 rum
340 1705 503 1790 pravitate
523 1700 677 1783 infamis,
696 1712 772 1786 pta
798 1703 930 1765 civibus
952 1708 1021 1765 suis
1040 1702 1153 1785 legum
1173 1701 1284 1763 riola-

227 1797 342 1852 tarum
365 1788 444 1877 plus
469 1789 781 1854 semel'damnatus.
827 1786 921 1851 Idem
943 1809 1022 1851 cum
1046 1785 1220 1850 Phocione
1240 1786 1282 1851 de

194 1907 200 1914 ·
228 1877 314 1937 urhe
343 1874 528 1962 Antipatro
555 1876 716 1940 audenda
749 1876 961 1941 consensisse
992 1876 1118 1939 dicitur
1154 1872 1285 1960 Nepoti

227 1960 374 2028 Phoco.
403 1960 547 2026 Praeter
561 1973 691 2027 ceteros
710 1960 1042 2050 oratorcssacetum
1062 1961 1144 2024 dicit
1160 1959 1283 2024 Cicero

227 2042 308 2134 (Or.
321 2048 405 2136 uti),
430 2054 567 2133 eiusque
584 2050 682 2113 nullo
700 2060 838 2113 exstare
858 2049 993 2135 scripta
1013 2046 1114 2112 tradit
1137 2046 1171 2110 in
1190 2047 1284 2111 Bru-

226 2143 264 2196 to
286 2153 314 2197 c.
323 2157 355 2224 9.
380 2134 472 2199 haud
492 2135 708 2199 dissentiente
732 2133 1066 2217 Quintiliauoll.17.
1085 2134 1132 2198 13.
1150 2133 1183 2196 et
1200 2130 1283 2198 ΧΠ.

229 2226 342 2307 sulp.
373 2219 500 2284 Coritra
528 2222 688 2297 'Faetzes,
722 2223 775 2286 vel
799 2221 907 2304 potius
931 2221 1066 2300 rhetor,
1100 2241 1201 2307 quem
1225 2220 1284 2284 itte

227 2314 406 2379 excripsit
422 2307 581 2371 Chilvt.
595 2308 647 2372 36.
659 2305 711 2391 37.
735 2306 898 2371 Demadis
917 2306 1039 2391 legisse
1057 2327 1092 2370 se
1108 2308 1282 2371 orationes

224 2400 376 2470 testatur,
382 2414 533 2545 jussum
556 2414 623 2459 una
641 2389 724 2483 ὑπὲρ
745 2395 804 2475 τῆς
827 2393 1061 2472 δωδεκαετίας,
1085 2414 1148 2481 qua
1164 2416 1282 2459 rerum

220 2502 289 2568 per
309 2485 378 2543 ‹lao
406 2483 492 2546 ecim
514 2505 623 2546 annos
652 2505 676 2547 a
695 2492 934 2570 regestorum
958 2485 1131 2547 rationem
1162 2481 1283 2545 reddi-

226 2568 296 2643 dit,
320 2566 444 2631 Saietae
463 2569 564 2631 etiam
589 2579 792 2644 memorata,
816 2567 940 2654 partim
964 2578 1134 2650 superstes
1156 2565 1281 2651 legitur

225 2652 316 2738 apud
337 2654 490 2719 Aldum.
515 2655 559 2718 H.
578 2656 806 2733 Stephanum,
834 2653 956 2716 lanum
977 2652 1167 2719 Gruterum
1191 2652 1281 2737 (Ha-

227 2741 350 2803 noviae
373 2738 464 2828 1619.
476 2743 539 2831 8.),
562 2740 603 2804 ab
628 2740 764 2808 Reiekio
782 2742 881 2803 etiam
907 2742 1041 2825 vulgata
1063 2748 1098 2803 iu
1126 2737 1280 2804 VollV.

224 2822 391 2893 00.‘uns
415 2850 491 2892 curn
522 2827 773 2914 Hauptmarsni
793 2832 898 2902 raetis,
918 2814 958 2889 ei
968 2827 1213 2892 dissertatione
1237 2826 1281 2891 cte

225 2911 396 2979 Demade.
421 2913 474 2978 ct.
489 2912 735 2985 Ruhnkenium
753 2916 786 2976 in
801 2913 890 2979 Hist.
902 2916 975 2976 crit.
989 2911 1087 2978 Orat.
1097 2913 1159 2978 Gr.
1172 2937 1205 3002 p.
1219 2915 1281 2981 150

225 3020 296 3085 sqq.
320 2999 417 3063 tteist
439 2998 613 3065 Fabricius
628 2999 762 3065 Harlss.
779 3001 856 3066 Vol.
866 2999 909 3065 ll.
921 3023 953 3087 p.
966 3002 1028 3066 868
1038 3024 1108 3088 sqq.

290 3085 363 3149 Nec
380 3089 514 3152 silentio
538 3087 775 3175 praetereundi
792 3098 872 3150 sunt
890 3099 1042 3152 oratores
1059 3088 1189 3173 aliquot
1202 3086 1280 3151 ido·
1310 3140 1314 3147 .

224 3174 296 3235 neis
320 3174 517 3239 auctoribus
537 3176 621 3241 olim
648 3174 913 3262 eloquentissimi
935 3174 1055 3255 habiti,
1078 3186 1115 3238 ut
1136 3176 1279 3239 Arato·

222 3258 320 3348 phoa
340 3261 538 3326 liconiensis
561 3260 862 3347 aQuadringentis
887 3264 1012 3347 legatus
1035 3260 1076 3325 ud
1104 3260 1290 3342 Lacedae-¹

224 3347 359 3409 monins
384 3350 505 3411 missus
531 3346 712 3414 OhXClI.
730 3373 756 3413 ι.
805 3346 1048 3427 Callistratus,
1089 3347 1279 3413 Callicratis
1333 3368 1339 3375 ‘

194 3431 331 3509 alilius,
356 3454 434 3498 cum
463 3433 650 3498 Timotheo
679 3446 712 3497 et
737 3432 886 3499 Chabria
913 3433 987 3496 (lux
1023 3435 1194 3499 exercitus
1220 3433 1277 3500 ΟΙ.

224 3516 303 3582 (ht.
321 3518 508 3585 etArchon
521 3519 577 3584 ΟΙ.
597 3518 688 3586 CVI.
703 3542 732 3585 a.
752 3544 871 3609 quem,
893 3519 1043 3585 nobilem
1056 3521 1156 3585 illam
1174 3544 1279 3612 super

228 3602 299 3670 Oro
328 3630 347 3671 o
376 3631 518 3673 causam
542 3619 775 3692 perorantem,
799 3629 905 3695 quum
932 3606 1185 3671 Demosthenes
1216 3608 1280 3673 ad-

223 3630 365 3756 moehim
391 3694 602 3769 adolescens,
625 3692 713 3759 forte
731 3700 770 3759 de
790 3698 842 3760 ria
865 3695 900 3758 in
923 3694 1146 3759 Academiam
1165 3695 1206 3759 ad
1224 3692 1279 3758 fo-

222 3798 300 3842 rum
327 3778 524 3848 devertens.
547 3783 697 3857 audiret,
724 3791 765 3845 ita
789 3794 917 3859 motus,
941 3793 976 3846 et
1004 3792 1138 3869 captus,
1161 3794 1194 3847 et
1215 3781 1278 3846 de-

222 3863 337 3929 linitus
366 3888 438 3930 esse
466 3867 606 3946 dicitur,
642 3878 678 3932 ut
705 3867 934 3933 Callistratum
958 3871 1026 3935 iam
1049 3870 1130 3933 iade'
1156 3871 1279 3935 sectari

224 3955 389 4039 coeperit,
413 3954 637 4020 Academiam
666 3976 745 4034 pum
772 3954 914 4020 Platone
941 3956 1136 4042 reliquerit,
1160 3955 1277 4022 Gellio

223 4038 392 4105 referente
419 4062 462 4105 ex
492 4041 685 4125 Hermippo
705 4039 764 4105 lll.
785 4042 831 4107 13.
852 4081 886 4093 -
921 4043 1119 4110 Leodamas
1147 4045 1279 4110 leocra-

223 4131 266 4190 tie
284 4127 492 4218 discipulus,
508 4142 542 4197 at
552 4127 734 4198 callistrati
745 4129 849 4197 modo
866 4129 995 4275 leopati
1010 4132 1277 4201 adversarius..-
