2942 4875
458 456 688 515 casurus
718 434 987 524 nouenos
1209 459 1254 514 et

191 619 370 714 mytbiede
386 618 430 685 de
455 618 521 684 diis
541 640 581 683 ac
606 618 770 684 heroibus
788 620 1020 696 narrationes,
1043 618 1115 705 ipsa
1138 635 1251 704 expo·

194 710 332 780 sitionis
360 704 599 792 probabilitate
624 706 868 785 suavissimae,
898 708 987 769 ritae
1010 706 1162 790 priscae,
1185 723 1250 770 uu·

194 809 295 864 turae
327 792 436 857 multo
461 792 652 892 propioris,
688 813 895 879 morumque
921 801 1136 858 vetustorum
1164 789 1252 852 sim·

194 879 358 973 plicitatis
385 877 580 943 fidelissima
601 880 735 966 imag03
759 885 927 944 sermonis
956 878 1087 963 antiqui
1110 875 1246 961 robigo,

194 968 384 1058 proprietas
408 974 442 1030 et
473 966 585 1031 natira
620 966 808 1047 cleantis,
839 985 1067 1030 numerorum
1100 962 1247 1047 denique

195 1056 322 1120 eximia
336 1052 483 1117 suavitas
504 1074 543 1117 ue
565 990 721 1120 dulcedo.
768 1052 904 1135 Quodsi
927 1063 980 1117 tot
995 1061 1153 1116 ettantae
1175 1050 1250 1114 rir-

196 1152 285 1208 tutes
305 1139 498 1204 carminum
519 1139 646 1204 horum
674 1141 845 1205 maiorem
860 1149 1002 1239 partem
1026 1138 1125 1202 nobis
1154 1157 1253 1204 com-

195 1227 380 1307 mendant,
405 1226 523 1312 quanti
549 1247 587 1290 ea
618 1226 765 1293 Graecis
791 1226 997 1290 aestimanda
1017 1223 1131 1290 ,fuisse
1149 1233 1252 1310 puta-

193 1315 326 1390 bimus,
363 1318 421 1398 qui
449 1313 491 1376 iis
518 1313 680 1401 iusuper,
704 1323 881 1397 tamquam
907 1311 1082 1376 annalium
1106 1331 1253 1376 suorum

194 1403 516 1488 antiquissimorum
528 1398 731 1463 venerandis
754 1400 1007 1476 monumentis,
1031 1397 1256 1487 mythorum-

197 1511 284 1575 que,
308 1486 533 1570 religionum,
555 1487 813 1561 institutorum,
836 1485 978 1563 artium,
1000 1485 1104 1570 patrii
1122 1504 1257 1548 sermo⁴

193 1575 269 1653 nis,
304 1573 470 1635 culturae'
509 1573 579 1636 enti
608 1592 688 1636 suae
711 1577 889 1659 propriae,
910 1570 1115 1656 plenissimis
1142 1569 1254 1634 fonti·

193 1663 262 1728 bus
298 1594 556 1722 uterenturi-
582 1658 745 1723 Ceterum
773 1660 903 1744 ingenii
936 1667 969 1720 et
995 1658 1137 1742 poeseos
1162 1657 1254 1720 anti-

201 1768 291 1834 quae
312 1744 471 1831 reliquias
496 1743 557 1810 has
575 1745 671 1809 omni
691 1741 803 1845 pretio
822 1750 971 1809 cariores
994 1765 1038 1809 ex
1056 1742 1162 1831 prisci
1178 1742 1253 1808 aeri

202 1854 323 1909 sensu,
357 1831 513 1896 moribus
539 1841 574 1896 et
602 1855 623 1896 o
654 1830 829 1897 'monibus
863 1829 1071 1895 iudicandas
1092 1840 1125 1892 et
1148 1830 1258 1893 inter.

201 1917 387 2009 pretendas
417 1938 510 1996 esse,
540 1925 605 1984 etsi
623 1855 721 2007 {sepe
742 1918 874 1985 dictum
897 1927 963 1999 est,
997 1915 1182 1981 dicendum
1203 1926 1257 1982 tu·

195 2026 279 2072 meu
301 2015 353 2069 est
372 2010 520 2093 saepius.
1191 2035 1194 2042 .

235 2176 397 2235 Blackwell
417 2175 549 2249 quuiry
569 2180 632 2233 into
655 2179 702 2232 the
714 2175 765 2232 tite
788 2176 846 2232 aad
862 2177 992 2247 svritings
1014 2177 1047 2231 of
1051 2178 1167 2238 Homer,
1179 2176 1255 2234 Lon·

305 2245 372 2301 don.
391 2246 465 2313 1755.
484 2249 604 2302 tertium
629 2250 672 2301 ed.
693 2245 768 2313 1757.
780 2247 795 2297 8
808 2276 836 2288 -
854 2249 966 2301 Robert
990 2246 1089 2302 Wood
1104 2248 1192 2316 Essay
1213 2264 1252 2304 ott
1348 2271 1353 2294 ⁸

301 2314 350 2366 the
374 2317 495 2382 original
512 2317 622 2370 Genius
649 2317 681 2370 oi
700 2317 821 2374 Homer.
854 2317 973 2368 London
998 2315 1151 2382 1775.t.-
1170 2315 1217 2368 Χό
1242 2342 1254 2358 ·

296 2400 359 2503 gen
384 2383 480 2436 Ueber
498 2385 628 2441 Homcr's
648 2386 742 2441 Leben
766 2404 793 2439 u.
813 2384 960 2452 Ges'tnge,
992 2384 1148 2437 Hennover
1179 2335 1254 2451 ηῶ.

326 2481 356 2494 -
373 2451 511 2506 Herder:
530 2455 637 2507 Homer
658 2458 704 2509 eiu
718 2455 871 2522 Gttnstling
884 2456 935 2506 der
955 2453 1080 2506 Zeit-in
1100 2455 1147 2506 Fr.
1161 2453 1256 2507 schil-

299 2518 356 2572 leri
381 2521 468 2573 Horis
487 2540 515 2580 a.
542 2522 648 2592 ¹795··
666 2522 899 2579 ErerlrFeitlrii
920 2524 1129 2592 Antiquitatum
1150 2523 1254 2575 Home·

305 2589 740 2658 picaruml.1V.Argeutorari
771 2592 845 2659 1743.
863 2590 921 2645 8.-
948 2591 1051 2645 Riccii
1075 2592 1257 2644 Dissertatio·
1328 2640 1333 2649 ‚

304 2674 355 2710 nos
382 2657 566 2721 Homericae,
596 2661 761 2717 Florentiae
788 2663 873 2728 rrius
902 2677 1016 2716 recusae
1054 2677 1122 2714 cura
1149 2656 1258 2714 Bornie‘

304 2724 522 2795 Lipsiaerpdd.
536 2728 616 2780 8.-el.
642 2728 746 2783 Suleer
771 2729 894 2783 'sheorie
917 2729 968 2782 der
991 2728 1114 2783 sehttueu
1137 2728 1257 2797 Ruso,

302 2811 368 2857 eum
387 2794 523 2853 aucteriie
538 2796 781 2870 Blonkenlmrgia'
790 2836 799 2867 ,
824 2815 895 2853 roce
912 2798 1034 2855 Homer.
1250 2824 1254 2833 ¹

677 2952 705 3048 t·
734 2974 783 3048 ¹9·
876 2948 883 2966 “

265 3133 374 3203 Cuius
390 3146 582 3230 praecepti,
605 3141 674 3207 diei
688 3147 749 3207 vix
764 3151 895 3230 potest,
917 3161 1022 3230 qnam
1042 3163 1166 3232 perum
1177 3158 1254 3208 mea

201 3242 318 3288 mores
339 3223 471 3291 fuerint
488 3249 559 3291 nou
587 3229 701 3297 solum
719 3230 821 3294 multi
846 3231 937 3297 inter
954 3231 1159 3294 recentiores
1173 3230 1252 3292 Ho-

199 3312 413 3375 merieorum
440 3314 666 3401 interpretes,
699 3316 758 3380 sed
790 3317 893 3380 etiam
917 3327 1072 3383 veterum
1098 3319 1253 3386 maxima

198 3416 300 3555 pars,
322 3399 400 3485 qui,
423 3411 605 3489 postquam
627 3402 750 3467 litteris
771 3402 909 3467 tandem
921 3404 1139 3488 consignatae
1154 3415 1253 3470 eraut

123 3558 129 3569 ,
221 3484 283 3548 lias
304 3493 339 3547 et
355 3481 529 3572 Odyssea,
552 3489 658 3555 modo
681 3512 735 3555 ree
755 3489 957 3579 mythosque
975 3489 1182 3554 carminibus
1199 3489 1255 3555 his
1363 3571 1366 3577 Ι
1466 3518 1467 3585 3

203 3567 492 3654 comprehensos,
513 3576 618 3640 modo
643 3577 841 3641 orationem
862 3586 896 3641 et
916 3575 1050 3663 singula
1067 3576 1169 3641 verba
1186 3597 1251 3662 pro

202 3656 355 3721 eonsiliie
379 3659 476 3738 suis,
499 3663 741 3750 opinionibus,
760 3663 886 3743 sensis,
916 3684 1097 3750 perperam
1122 3663 1255 3727 intelli·

200 3753 338 3831 gerent,
359 3744 507 3833 ,saepius
531 3748 644 3835 inepte
677 3749 909 3836 explicarent,
948 3750 1252 3839 reprehenderent,

202 3828 308 3916 quid?
331 3833 504 3918 corrigere
515 3835 616 3903 etium
634 3846 667 3899 et
678 3849 810 3900 mutare
824 3839 1104 3923 aggrederentur.
1152 3836 1250 3916 Quae

201 3938 308 4006 praru
330 3917 510 3999 sedulitas,
533 3933 571 3986 ut
587 3922 667 3985 alias
691 3922 815 3987 multas
842 3946 959 3988 causas
986 3922 1122 3988 silentio
1148 3944 1253 4012 prae·

184 4016 352 4086 lteream,
374 4002 510 4084 effecit,
532 4017 698 4095 utusque
728 4009 771 4073 ad
791 4020 936 4075 aetatem
971 4010 1252 4078 Ptolemaeorum

204 4088 329 4157 Graeci
363 4095 535 4159 constanti
558 4096 703 4181 quadam
734 4107 852 4161 textus
877 4097 1064 4161 Homerici
1080 4099 1253 4167 constitu-

202 4182 299 4244 tione
323 4191 491 4249 carerent.
522 4179 612 4250 Oeta
634 4183 775 4275 quidem
794 4182 862 4247 hoc
882 4184 1047 4272 temporis
1072 4185 1252 4253 internato
