2942 4875
441 496 611 550 rreum
640 493 839 552 sasernae.
862 493 1060 544 srnrnas.
1222 485 1262 545 81
1310 552 1313 558 ¹

224 660 290 727 brit
312 654 444 723 fabulas
462 657 556 720 Aeso
582 653 650 715 icus
669 671 773 739 prosa
798 650 953 714 oratione
983 647 1170 714 reddidisse
1192 648 1266 716 ler-

222 759 280 812 tur
310 745 477 832 Syntipue
495 675 652 826 quidam,
675 749 775 825 gente
792 737 916 810 Persa,
940 736 1090 799 incertae
1115 738 1264 824 scriptor

223 831 363 908 aetatis,
404 849 506 916 quem
533 836 611 891 ante
639 824 814 896 saeculum
840 822 942 887 XIV.
975 824 1101 886 vixisse
1133 834 1266 910 putant.

222 921 309 994 Eas,
333 915 471 1005 Syriaca
490 916 608 1000 lingua
625 913 854 997 conscriptas,
878 910 1038 974 Miclsae'l
1052 911 1267 999 Andreopu.

222 1007 277 1076 lue
306 1003 549 1090 grammaticus
580 1000 617 1063 in
647 1017 809 1085 graecum
838 1019 1035 1061 sermonem
1058 999 1271 1064 convertisse·

222 1093 367 1157 dicitur:
401 1111 505 1176 quam
524 1087 716 1151 versionem
751 1108 769 1148 e
793 1085 928 1150 dnobus
950 1083 1047 1149 codd.
1065 1105 1145 1148 mss.
1165 1086 1271 1150 Mos--

222 1200 340 1266 quens.
372 1180 506 1264 primus
531 1195 650 1260 graece
680 1172 801 1250 edidit,
838 1172 978 1236 latinam
1014 1193 1100 1234 vers.
1132 1183 1165 1235 et
1185 1175 1263 1237 arri*

220 1266 476 1331 madversiones
500 1261 622 1325 adiecit
650 1259 712 1324 Ch.
742 1259 787 1323 F.
808 1259 994 1324 Mottlroei
1013 1256 1149 1344 Lipsiae
1173 1271 1265 1360 1781.

223 1363 305 1420 8.-
330 1351 427 1430 Quae
445 1347 581 1434 quidem
595 1346 757 1409 Bebriani
785 1346 900 1433 operis
928 1346 1089 1429 vestigia,
1110 1347 1265 1431 plurium

223 1437 433 1503 Criticorum
460 1440 641 1520 sagacitate
673 1443 786 1508 eruta,
812 1431 1079 1517 eorumdemque
1107 1434 1266 1496 doetissi-

219 1527 286 1588 mis
304 1524 394 1586 curis
408 1531 613 1592 restaurate,
636 1517 720 1582 adeo
735 1529 774 1581 ut
791 1520 1049 1606 quinquaginta
1065 1519 1264 1599 admodum,
1361 1523 1364 1530 ’

223 1614 330 1695 inque
366 1607 419 1669 his
453 1607 674 1692 undeviginti
700 1604 964 1670 cleoliumbicaa-
983 1605 1111 1674 Babrii.
1129 1604 1261 1671 subulas

223 1719 244 1761 a
262 1695 288 1759 l.
308 1693 351 1758 G.
374 1691 582 1756 Schneidero
613 1713 693 1755 cum
720 1687 918 1776 Augustani
941 1691 1066 1754 codicis
1091 1691 1159 1754 illis
1190 1694 1265 1756 edi-

223 1795 296 1861 tus,
318 1802 498 1844 numerare
521 1801 615 1842 nunc
630 1779 746 1856 liceat,
770 1801 848 1842 cum
873 1777 1015 1862 singulis
1037 1779 1186 1841 versibus
1199 1779 1273 1865 'qui

222 1873 353 1959 passim
363 1888 380 1929 a
391 1866 495 1929 Suida
511 1867 675 1942 citantur,
697 1865 825 1952 integri
837 1864 919 1929 libri
929 1864 1266 1950 elegantissimipoii-

223 1967 330 2019 tae-
353 1954 428 2038 qui,
451 1957 582 2016 sinunc
597 1962 762 2028 exstaret,
783 1950 1082 2032 Bentleioiudice‚
1105 1951 1268 2016 Phaedro

150 2079 153 2090 ·
219 2042 345 2107 merito
358 2044 509 2128 opponi,
532 2039 598 2104 nisi
615 2037 796 2126 praeferri,
818 2050 982 2124 posset-
996 2045 1164 2102 iacturam
1184 2061 1267 2124 gra-

219 2131 398 2194 vissimam
419 2125 577 2189 reddunt.
610 2126 704 2190 Nam
726 2146 811 2211 quae
826 2124 935 2188 editae
957 2126 1096 2210 quidem
1112 2123 1267 2189 suntsub

225 2214 383 2280 Gabrioe
402 2213 543 2277 nomine
563 2213 684 2276 vitiose
705 2212 834 2298 scripto
854 2211 987 2276 l'abulae
1002 2210 1131 2276 XLlll.
1151 2223 1275 2276 tetra--

220 2301 345 2366 aticlsie
360 2298 543 2377 iambicis,
565 2300 717 2384 primum
736 2298 778 2361 ab
799 2299 892 2363 Atao
914 2297 1084 2366 Μαυαίίο
1102 2319 1222 2383 graece
1234 2308 1269 2362 et

221 2385 328 2453 latine
352 2406 433 2450 oum
456 2384 661 2462 Phurnuto,
694 2384 904 2473 Palaephuto
923 2383 1087 2470 aliisque,
1113 2384 1268 2452 Venetiis

225 2473 325 2540 1505.
337 2470 410 2552 fola
418 2493 503 2536 mox
514 2473 604 2536 inter
613 2473 796 2562 scriptores
806 2473 984 2556 gnomicos
992 2499 1010 2534 a
1019 2471 1264 2550 laFrotento,

223 2559 378 2626 Besileae
404 2560 485 2624 1518
511 2569 546 2622 et
570 2559 664 2622 1521.
695 2560 747 2636 8.;
780 2569 896 2622 auctae
916 2558 1076 2644 deinceps
1107 2560 1269 2625 undecim

125 2698 128 2709 .
207 2647 344 2725 ¹aroris,
365 2644 484 2709 itidem
504 2646 708 2713 tetrastiehis
735 2645 911 2717 iambicis,
933 2645 1067 2709 ecodd.
1089 2645 1266 2722 Palatinis,

223 2733 288 2800 sub
306 2732 427 2795 eodem
456 2731 612 2797 uacuae
635 2739 796 2809 nomine,
829 2730 1053 2798 aNeveleto:
1076 2753 1131 2796 eas
1151 2730 1270 2797 Bebrii

221 2840 351 2884 nomen
367 2818 527 2895 mentiri,
550 2830 584 2882 et
602 2840 622 2882 e
637 2819 764 2884 seriore
783 2816 974 2893 Graeculo,
996 2816 1140 2883 fortasse
1153 2818 1268 2907 Iguu-

222 2907 275 2972 te'o
295 2905 444 2992 quodam
460 2904 645 2991 Magistro
670 2927 731 2970 seu
743 2904 929 2981 Dinaeae,
952 2905 1069 2969 Seculi
1084 2903 1167 2970 ani
1182 2906 1270 2969 scri-

249 3002 322 3057 tore
356 3001 390 3055 et
419 2991 615 3056 Patriarche
634 2993 841 3068 Nicaeensi,
875 2997 935 3077 qui
957 2988 1075 3055 ‘Babrii
1098 2991 1269 3057 clroliam-

221 3014 287 3143 los
311 3078 349 3142 in
376 3079 663 3166 purossennrios,
693 3077 841 3143 absurdo
860 3075 1003 3144 artificio
1029 3090 1271 3167 quatuorcen-

222 3187 341 3244 auum,
365 3165 488 3251 quibus
511 3164 659 3250 singulas
676 3163 810 3250 fabulas
821 3165 1145 3253 comprehenderet,
1168 3163 1271 3229 adhi-

221 3252 318 3329 bito,
340 3261 507 3329 mutaret,
530 3273 695 3340 procusos
721 3273 810 3332 esse,
840 3262 978 3340 praeter
997 3273 1100 3319 uuam
1119 3250 1270 3338 quadra-

223 3339 390 3424 gesimam
418 3337 575 3417 tertiam,
607 3337 649 3405 de
671 3337 880 3404 Hirundine
903 3348 937 3403 et
967 3338 1159 3411 Lincinio,
1183 3360 1271 3423 quae

223 3424 386 3490 tredecim
412 3423 625 3490 Choliambis
649 3425 856 3502 absolvitur,
879 3436 913 3490 et
925 3426 1122 3512 genuinum
1136 3423 1268 3489 Rubrii

225 3533 314 3600 opus
326 3515 483 3575 omnium
497 3533 665 3577 consensu
675 3512 891 3598 agnoscitur,
914 3510 1142 3575 ecuteiudicat
1153 3510 1269 3575 Bent-

224 3598 324 3665 tetta.
344 3632 389 3648 -
441 3596 569 3663 Parum
596 3611 710 3663 autem
745 3596 890 3662 feliciter
930 3597 968 3662 iu
995 3596 1112 3662 Babrii
1142 3595 1269 3662 fabulis

223 3682 442 3748 restituendis
467 3698 619 3751 versatus
636 3707 708 3750 esse
727 3686 944 3749 existimatur
967 3684 1060 3749 Xav.
1078 3683 1269 3772 Bergerue,

249 3771 286 3834 ui
304 3793 350 3835 uu
394 3792 412 3833 r
437 3770 542 3835 edidit
565 3771 694 3838 Betria·
706 3770 921 3860 fabularum
941 3769 1201 3836 choliambieur.
1218 3771 1268 3835 li-

224 3794 312 4013 2180ιὲ
319 3791 577 3927 lisseMollilchli
599 3862 691 3935 1816·
710 3857 743 3930 80
762 3855 807 3927 cf·
823 3856 970 3955 Ephemt
990 3856 1093 3932 mter·
1113 3856 1269 3931 [eumue.

225 3963 244 4008 ss
274 3967 289 4011 l
313 3991 322 4012 e
343 3965 397 4016 m·
418 3965 480 4037 172
489 3966 540 4039 sq·
1139 4002 1141 4009 .
