2942 4875
330 356 393 427 adt
634 359 1073 425 laterariasronns

327 509 592 590 celeberrimus,
622 511 783 599 Angelus
804 511 1016 579 Politianas.
1034 547 1076 561 -
1123 508 1341 575 Constantinus

329 600 501 666 Laecania
523 598 729 686 Byzantius,
751 620 795 665 ex
816 598 1026 663 nobilissima
1049 598 1153 682 stirpe
1172 606 1340 683 prognatus,

332 692 390 773 qni
414 687 536 750 eodem
569 696 723 772 tempore
745 689 781 750 in
803 685 934 751 ltaliam
957 679 1152 771 prolectas,
1184 682 1342 747 Mediolani

327 774 502 858 primum,
541 771 662 837 deinde
694 771 847 852 Romae,
887 783 961 839 tum
994 769 1160 854 Neapoli,
1198 780 1343 851 postremo

327 859 508 925 Messenae
529 859 696 924 instetis
720 870 920 948 perpetuam
942 859 1056 922 sedam
1079 853 1169 930 lixit,
1191 865 1258 919 tum
1277 856 1343 919 alin-

325 964 408 1011 rum
430 947 600 1012 librorum
632 954 665 1009 et
684 948 1011 1032 interpretationum
1041 954 1177 1018 auctor,
1208 956 1273 1005 mm
1293 948 1343 1003 ins-

353 1033 448 1096 rimis
476 1032 740 1098 Grammaticae
767 1035 938 1112 Graecae,
972 1042 1049 1118 post
1079 1029 1295 1122 Chrysalum
1317 1039 1343 1089 et

365 1119 507 1183 bendani
530 1118 642 1182 Gazae
668 1120 745 1184 illas
773 1119 1044 1195 laudatissimae,
1082 1119 1179 1179 cuins
1212 1124 1341 1201 princeps

217 1274 221 1287 ,
263 1220 271 1235 “
324 1202 431 1269 editio
477 1205 579 1267 rediit
601 1204 804 1272 Mediolani
829 1205 919 1294 1416.
936 1212 975 1267 4.-
991 1205 1151 1289 deinceps
1171 1204 1283 1286 pluries
1301 1224 1343 1263 re·

325 1293 431 1379 petite
447 1226 529 1371 lhtt,
552 1302 591 1353 ut
609 1295 698 1379 apud
714 1294 863 1365 Atatem,
894 1292 1045 1356 Venetiis
1068 1298 1161 1375 itaqu.
1182 1298 1211 1351 q,
1233 1304 1262 1352 et
1274 1288 1342 1353 sisa.

325 1388 400 1442 tum
421 1400 443 1463 1ι
467 1376 633 1468 Philippa
655 1380 783 1457 lanta,
817 1378 1007 1443 florentiae
1036 1379 1129 1441 1515.
1153 1418 1194 1431 -
1237 1377 1341 1440 Deme·

327 1464 419 1529 triae
442 1464 694 1554 Chalcondylas
716 1466 954 1542 Atheniensis,
988 1465 1047 1551 qui
1079 1465 1169 1526 circa
1203 1466 1276 1550 slpq
1292 1458 1338 1522 fla

326 1552 400 1615 ruit
418 1560 453 1614 et
463 1549 650 1617 Mediolani
673 1554 759 1616 obiit
782 1552 890 1631 aban,
914 1557 1134 1635 octogenario
1154 1554 1270 1626 maior,
1287 1547 1338 1631 pri·

326 1656 425 1701 mum
448 1634 656 1718 florentiae,
687 1640 767 1704 inde
788 1638 975 1703 Mediolani
998 1635 1148 1700 Graecas
1175 1657 1247 1700 curn
1265 1634 1337 1698 landa

325 1721 501 1811 professus
529 1724 671 1790 litteras.
715 1726 855 1790 Praeter
887 1725 1097 1791 Erotemata
1127 1724 1336 1809 grammaria.

324 1814 363 1876 in
386 1810 581 1875 inditorum
604 1834 747 1877 suornm
772 1833 873 1875 assum
898 1813 1107 1897 conscripta,
1141 1810 1263 1873 nullum
1282 1808 1335 1893 qni·

326 1898 424 1974 dem,
456 1909 621 1983 quantum
651 1910 798 1979 constat,
830 1899 960 1961 librum
983 1899 1138 1982 reliquit,
1172 1897 1226 1959 sed
1252 1899 1334 1958 inre

326 1986 522 2061 censendis,
562 1987 769 2070 edendisqne
801 1983 1024 2070 scriptoribus
1053 1984 1195 2048 Graecis
1222 1983 1333 2047 multun

327 2087 450 2156 operae
480 2080 514 2133 et
535 2073 640 2134 studii
673 2072 815 2160 posuit„
847 2072 988 2155 eiusque
1022 2070 1235 2155 potissimum
1263 2086 1332 2129 cure

209 2158 214 2167 '
324 2165 359 2221 et
378 2155 564 2222 industriae
587 2155 754 2227 debentur
779 2158 949 2238 Homeri,
983 2158 1152 2222 Isocratis
1182 2166 1215 2218 et
1240 2153 1333 2221 Susidas

202 2306 205 2315 ,
326 2243 496 2309 editiones
510 2244 756 2397 princpes-
779 2244 933 2308 Similem
956 2265 1092 2331 operam
1119 2241 1333 2308 aasentias

324 2331 394 2396 aive
416 2329 592 2407 lohannea
646 2335 796 2411 ascarie,
818 2334 962 2397 senioris
981 2330 1143 2394 esinatae
1167 2350 1276 2416 nepos,
1296 2322 1333 2409 qul
1376 2386 1377 2411 ,

323 2415 566 2483 tchseerione
592 2419 789 2483 adolescens
812 2419 991 2484 Patavium
1025 2420 1167 2494 missus,
1199 2426 1265 2503 post
1282 2414 1331 2476 eins

323 2502 499 2570 decessum
520 2506 638 2596 (1472)
655 2506 863 2573 Florentiam
882 2506 1087 2582 secontulit‚
1113 2507 1223 2590 ibique
1242 2502 1332 2566 siaa·
1375 2559 1376 2562 ,

324 2593 438 2656 reatin
461 2592 619 2656 Mediceo
644 2593 970 2681 Constantinopolin
998 2602 1097 2677 atque
1133 2596 1168 2657 in
1192 2588 1331 2653 Graecina

323 2675 369 2742 ed
389 2678 642 2764 ‘conquirendos
669 2690 702 2742 et
721 2680 842 2766 quovis
872 2682 981 2766 pretio
1005 2679 1208 2743 coemendos
1236 2676 1331 2738 cadica

325 2786 406 2829 mas.
422 2767 559 2844 missus,
584 2759 739 2852 binisque
761 2767 940 2830 itineribus
963 2763 1126 2829 conlectis
1147 2764 1261 2839 redux,
1277 2757 1330 2824 Me·

325 2852 457 2914 dicaam
480 2849 716 2918 bibliothecam
730 2851 873 2918 Graecis
896 2853 1012 2916 dita‘uit
1034 2853 1149 2924 libris3
1172 2854 1251 2914 idem
1269 2848 1330 2908 het·

322 2938 376 3002 nis
387 2935 433 3001 X.
447 2937 546 3003 stit.
571 2950 670 3025 atque
691 2941 796 3003 trium
822 2937 953 3004 Galliae
973 2960 1110 3020 regum,
1142 2936 1247 3003 Caroli
1257 2923 1332 2998 vtttt

323 3024 495 3092 Ludovici
516 3024 614 3105 Xll.,
645 3037 678 3088 et
700 3026 871 3091 francisci
892 3026 918 3091 1.
949 3033 1057 3110 gratia
1081 3024 1225 3096 florens,
1251 3018 1328 3082 editor

321 3109 563 3197 Antbologiae
604 3114 901 3200 epigrammatum
944 3114 1159 3198 aliorumque
1200 3109 1326 3172 titiano

325 3195 555 3278 Graecorum,
579 3195 838 3284 qniFlorentiaa
856 3204 949 3285 1494.
971 3208 1005 3261 et
1025 3195 1270 3283 insequentibus
1287 3210 1327 3251 aar
1374 3193 1375 3226 ³

324 3285 378 3349 nit
411 3277 532 3352 litteris
565 3307 649 3373 quas
679 3296 805 3352 vocant
838 3286 1039 3372 capitalibus
1067 3291 1182 3348 excusi
1214 3289 1328 3344 suut*

322 3370 481 3456 Denique
513 3371 657 3437 Maroae
687 3372 858 3438 Macares
892 3373 1084 3450 Cretensis,
1126 3372 1253 3435 ultimus
1280 3362 1328 3426 fere

325 3455 563 3538 Graecorum,
604 3464 663 3544 qni
696 3460 831 3523 sacculo
854 3459 935 3524 XV.
967 3464 1002 3522 ia
1025 3461 1156 3524 ltaliam
1190 3452 1327 3521 venerabli
1373 3515 1374 3532 ,

325 3544 565 3610 laniLascaris
584 3547 786 3628 discipulus,
810 3550 869 3632 qui
891 3549 1002 3632 primo
1029 3547 1170 3620 Patauii,
1191 3560 1265 3605 mox
1280 3531 1328 3596 Vt·

325 3633 423 3696 netiis
456 3631 604 3695 Graecas
635 3632 763 3696 litteras
798 3655 929 3698 summa
963 3656 1042 3698 cum
1073 3632 1255 3696 auditorum
1280 3619 1327 3684 ΙΝ·

327 3720 462 3806 quentia
488 3719 623 3798 docuit,
645 3733 718 3784 tam
741 3720 782 3782 ab
802 3721 895 3784 Aldo
917 3721 1074 3785 Manutin
1097 3726 1229 3803 eiusque
1244 3722 1328 3805 sotera

329 3807 437 3872 Andr.
465 3808 618 3869 Aeulano
649 3809 689 3869 ad
713 3804 954 3888 conferendos,
998 3807 1217 3870 recensendos
1242 3809 1328 3890 emeft‘

328 3893 526 3979 dandosque
556 3893 749 3982 complures
777 3893 876 3958 codd.
901 3917 978 3960 mss.
1001 3893 1172 3958 adhibitus
1191 3887 1261 3955 fuit.
1291 3877 1328 3974 ⁵2⁰

327 3977 463 4044 Scholia
487 3978 620 4049 Graeca
644 3984 681 4048 in
700 3981 945 4066 Aristophanis
974 3981 1165 4044 comoedias
1192 3995 1233 4039 ex
1252 3976 1326 4032 ”¹³¹³

324 4066 423 4132 codd.
442 4067 592 4155 collegit,
624 4085 811 4158 quaecum
831 4072 908 4154 ipso
929 4067 1163 4158 Aristophane
1182 4076 1213 4129 et
1228 4058 1327 4122 ΕΜ*

1356 4767 1371 4850 i
