2942 4875
317 451 320 458 ¹
437 358 999 440 uaisossauuus'
1189 373 1228 442 m
1344 394 1348 402 ·

178 529 378 606 historiam,
409 529 508 592 etde
532 526 724 617 praecipuis
748 525 945 591 auctoribus
965 523 1147 609 iudicium,
1172 549 1234 594 ,se-

181 618 314 686 cundus
338 617 380 680 de
402 615 511 701 figura
530 625 565 679 et
582 612 819 699 maguitudino
836 621 951 679 terrae
967 626 1148 702 praecepta
1170 635 1232 700 ga.

181 705 331 779 uenalia,
361 705 478 767 tertius
500 702 714 788 singularum
731 710 841 766 terrae
861 701 1028 786 partium,
1050 702 1233 788 regionum

181 792 389 877 urbiumque
402 790 667 874 descriptionem
681 789 858 854 continuit.
881 786 1120 875 Geogrsphiae
1130 786 1234 854 huius

182 879 377 963 deperditae
399 877 558 963 reliquias
581 878 728 964 serravit
761 876 904 953 Strabo,
937 895 980 938 ex
1004 895 1074 959 quo
1096 874 1236 947 Eroto-

181 963 314 1030 stbenis
340 961 481 1053 Geogrn
507 964 667 1029 laicorum
690 961 913 1050 Fragmenta
943 962 1078 1050 primus
1099 959 1236 1048 collegit

183 1061 218 1116 et
239 1053 421 1138 separatim
445 1071 462 1114 e
487 1050 550 1113 idit
572 1059 673 1138 utque
695 1046 880 1114 illustravit
906 1045 951 1114 G.
977 1045 1015 1113 U.
1036 1046 1081 1116 F.
1107 1048 1237 1130 Satist,

185 1137 371 1224 Gottingae
399 1138 489 1225 ¹7⁸9·
513 1137 544 1200 8.
570 1174 610 1188 -·
646 1137 825 1201 Praeterea
848 1135 892 1199 da
909 1134 1040 1199 Tarsus
1061 1154 1237 1219 mensura,

184 1226 325 1311 eiusque
343 1224 454 1288 aSole
469 1233 503 1287 et
511 1223 611 1287 Luna
631 1224 807 1314 distantia,
823 1221 992 1323 pinguiori
1010 1219 1099 1286 libre
1119 1232 1237 1308 agerat

82 1323 84 1326 ’
184 1310 446 1388 Eratosthenes,
479 1311 538 1397 qui
562 1308 799 1397 Μαρήσας
819 1310 1003 1395 inscriptus
1024 1322 1111 1385 erat,
1144 1320 1177 1374 et
1198 1312 1236 1375 in

185 1397 301 1484 plures
324 1415 437 1483 partes
459 1397 658 1482 dispertitus
681 1414 754 1459 essa
776 1394 929 1476 ridetur,
951 1396 1042 1459 uude
1055 1395 1236 1463 Maca-abio

183 1484 238 1571 (iu
262 1487 382 1551 Somn.
407 1484 504 1571 scip·
519 1482 559 1550 l.·
581 1488 637 1565 so)
670 1478 856 1547 laudantur
885 1477 1131 1547 Eratosthenis.
1151 1483 1239 1550 iibri

186 1572 453 1637 dimensionum.
1206 1607 1209 1616 ·
1297 1571 1300 1576 “

235 1681 236 1684 ’
258 1656 470 1746 Temperiem
482 1657 595 1721 eutem
610 1656 791 1721 doctrinae
807 1649 1029 1724 bindameuto
1040 1652 1120 1719 iecit
1131 1675 1239 1741 quum

185 1752 224 1813 in
250 1743 569 1846 Clironoieginaua
602 1740 710 1831 (quod
744 1739 837 1806 idem
869 1761 959 1828 opus
989 1740 1064 1804 eliis
1095 1752 1240 1808 vocatur

189 1834 467 1918 Xporoypepson,
490 1829 562 1894 eliis
585 1831 661 1915 περὶ
680 1827 980 1930 chvoyporpsuir),
1003 1836 1076 1894 tum
1093 1828 1238 1900 inlibris
1321 1867 1326 1876 ·
1450 1805 1451 1814 ἵ

187 1918 247 1986 De
263 1915 469 1984 Victoribus
494 1915 686 2005 olympicis
709 1911 1003 2002 (mispriserunt).
1156 1929 1173 1998 t

253 2003 358 2084 Quod
381 2003 511 2089 reliqua
532 2004 597 2067 viri
622 1997 936 2085 πολυμαθεστάτου
957 1999 1085 2084 scripta
1108 2007 1239 2082 attinet,

185 2096 221 2157 in
238 2091 521 2177 paucissimorum
539 2112 614 2154 oum
621 2087 866 2152 memoratione
879 2084 1119 2171 defungemur.
1129 2089 1135 2106 '
1147 2088 1239 2156 Car·

135 2209 137 2226 ·
187 2179 286 2244 minn
298 2176 367 2241 duo
381 2177 579 2257 laudantur,
603 2175 748 2238 alterurn
761 2175 913 2259 elegiaco
931 2185 1043 2238 metro
1060 2176 1239 2266 scriptum,

187 2265 347 2351 Erigone
358 2257 562 2350 (Ἠριγόνῃ),
586 2263 736 2325 Atticum
750 2257 903 2324 fabulam
918 2257 960 2322 de
971 2259 1078 2325 Icario
1097 2263 1239 2350 eiua'que

188 2350 257 2413 filiu
270 2369 467 2435 exponens,
490 2347 580 2435 quod
600 2345 703 2411 libelli
726 2345 770 2412 de
782 2345 1070 2411 Sublimi'auctor
1087 2348 1241 2415 abomni

188 2437 277 2503 uitio
295 2440 464 2511 immune,
493 2431 550 2501 διὰ
566 2431 704 2500 πάντων
722 2429 800 2517 cipri
827 2454 910 2514 ητον
928 2428 1153 2517 ποιημάτιον,
1176 2458 1242 2524 sp-

86 2556 88 2564 ·
189 2519 507 2636 ppllot(Sect.33.);
530 2522 691 2597 alterum,
714 2530 753 2584 ut
807 2522 928 2610 cyniris
945 2520 1088 2609 coniicit
1095 2518 1241 2611 (Opusc.

196 2611 272 2675 t.l.
295 2629 382 2695 μθ]
404 2614 488 2695 not.)
510 2609 680 2674 dialectici
691 2604 843 2707 generis,
858 2605 1071 2673 'hexametris
1093 2628 1243 2700 compo·
1283 2614 1288 2631 ⁴

190 2703 314 2777 situm,
345 2692 539 2782 οῑἜρμῆς
560 2718 587 2758 s.
611 2695 860 2759 Mercurius
891 2694 1115 2783 inscriptum,
1147 2696 1242 2783 quod

190 2785 233 2847 de
256 2782 514 2871 disciplinarum
540 2782 729 2865 originibus
754 2787 862 2866 egisse
884 2782 1039 2863 videtur3
1067 2792 1142 2845 tum
1165 2785 1243 2877 spi.

185 2892 357 2959 grommo
379 2866 493 2935 nobile
515 2873 729 2951 etsnperetss
753 2864 796 2931 de
810 2862 901 2931 Cati
923 2867 1175 2957 duplicatione,
1198 2871 1242 2938 erl
1350 2920 1355 2931 .

161 2954 163 2959 ’
190 2956 318 3021 calcem
337 2957 513 3058 Epistulae
535 2955 577 3019 od
601 2952 834 3019 Ptolemaeum
855 2974 986 3041 regem,
1016 2957 1127 3041 quod,
1160 2976 1241 3023 enm

167 3043 401 3130 paucissimis
435 3044 589 3131 priorum
614 3039 816 3127 fragmentis
850 3060 936 3126 quae
968 3055 1167 3128 supersunt,
1203 3048 1243 3109 iu

192 3130 442 3215 Anthologiam
454 3127 623 3194 Graecam
642 3148 800 3278 recepere
813 3127 1016 3201 Brunekius,
1026 3141 1059 3192 et
1073 3129 1242 3196 [ucobaius

194 3216 238 3281 T.
255 3215 285 3279 l:
307 3239 337 3303 p.
355 3237 501 3303 sapsqq.
534 3216 691 3300 Denique
728 3223 1243 3301 requentercommemorantnr
1331 3214 1334 3227 ’

193 3301 362 3367 ueteribus
373 3302 608 3368 Eratosthenis
619 3303 699 3366 libri
712 3303 827 3389 plores
841 3301 883 3365 de
895 3300 1102 3383 Comoedia,
1114 3307 1243 3393 impri-

194 3392 259 3454 mis
283 3393 407 3465 veteri,
429 3409 531 3478 prosa
547 3390 687 3475 scripti3
709 3409 796 3474 opus
814 3386 1066 3454 didascalicum
1077 3387 1138 3476 (cf.
1151 3393 1177 3480 p.
1189 3415 1242 3482 ῃ.

194 3478 239 3540 T.
251 3477 276 3541 l.
295 3499 335 3626 p.
353 3481 453 3562 rip),
479 3476 602 3563 inquo
625 3498 698 3540 nou
720 3474 825 3540 rnodo
847 3476 891 3538 de
908 3475 1019 3558 poetis
1038 3472 1243 3564 fabulisque,

173 3606 176 3613 -
218 3584 278 3627 uas

193 3585 442 3731 iifficiliorum,
465 3670 550 3737 quae
572 3651 610 3714 in
620 3649 846 3713 Comioornm
865 3644 990 3713 fabulis
1007 3651 1243 3733 occurrebant,

192 3732 508 3823 interpretationem
530 3738 737 3822 subiungere
756 3735 927 3799 debueret.
978 3817 983 3820 ἤ
1015 3796 1038 3815 ,Χ

264 3825 339 3890 Vna
363 3845 406 3888 ex
420 3822 484 3887 hoe
506 3835 600 3888 tanto
623 3822 791 3888 librorum
813 3822 851 3887 E.
863 3820 1042 3909 naufragio
1059 3833 1168 3901 ,restat
1189 3832 1243 3890 ia-

193 3912 291 3990 bula3
316 3913 375 3975 sed
392 3912 444 3976 rel
461 3912 542 3975 haec
562 3911 685 3985 lucere,
708 3910 929 3996 interpolata,
952 3921 985 3973 et
1001 3912 1139 3976 maioris
1159 3934 1243 4000 ope-

320 3573 506 3640 ocuarunt,
528 3572 660 3649 egerat,
683 3562 857 3626 sedetiam
875 3582 994 3625 rurum
1009 3563 1241 3632 etverborum

68 4042 71 4053 ·
192 4001 240 4063 ris
268 3998 392 4077 diruti,
426 4008 463 4061 ut
485 3998 642 4076 videtur,
674 3999 925 4079 lragmeutum:
974 3984 1267 4065 Cetobterismos

192 4086 288 4163 dieo,
311 4087 381 4151 sive
399 4086 669 4175 descriptionem
687 4097 863 4150 astrorum
882 4081 1114 4171 singulorum,
1134 4112 1241 4177 pree·

994 4192 1029 4233 rr
