<?xml version="1.0" encoding="UTF-8"?>
<!DOCTYPE html PUBLIC "-//W3C//DTD XHTML 1.0 Transitional//EN"
    "http://www.w3.org/TR/xhtml1/DTD/xhtml1-transitional.dtd">
<html xmlns="http://www.w3.org/1999/xhtml" xml:lang="en" lang="en">
 <head>
  <title>
</title>
<meta http-equiv="Content-Type" content="text/html;charset=utf-8" />
  <meta name='ocr-system' content='tesseract 3.04.00' />
  <meta name='ocr-capabilities' content='ocr_page ocr_carea ocr_par ocr_line ocrx_word'/>
</head>
<body>
  <div class='ocr_page' id='page_1' title='image "./initiahistoriae00grodgoog_0137.png"; bbox 0 0 2942 4875; ppageno 0'>
   <div class='ocr_carea' id='block_1_1' title="bbox 513 453 1278 539">
    <p class='ocr_par' dir='ltr' id='par_1_1' title="bbox 513 453 1278 539">
     <span class='ocr_line' id='line_1_1' title="bbox 513 453 1278 539; baseline -0.005 -21"><span class='ocrx_word' id='word_1_1' title='bbox 513 453 998 518; x_wconf 75' lang='lat' dir='ltr'><em>An1srornnaa</em></span> <span class='ocrx_word' id='word_1_2' title='bbox 1217 469 1278 539; x_wconf 68' lang='grc' dir='ltr'><em>ιη</em></span> 
     </span>
    </p>
   </div>
   <div class='ocr_carea' id='block_1_2' title="bbox 204 621 1325 2096">
    <p class='ocr_par' dir='ltr' id='par_1_2' title="bbox 204 621 1325 2096">
     <span class='ocr_line' id='line_1_2' title="bbox 231 621 1281 711; baseline -0.003 -19"><span class='ocrx_word' id='word_1_3' title='bbox 231 622 494 692; x_wconf 78' lang='lat' dir='ltr'><strong><em>Nicomachum</em></strong></span> <span class='ocrx_word' id='word_1_4' title='bbox 509 622 619 687; x_wconf 86' lang='lat' dir='ltr'><em>fitium</em></span> <span class='ocrx_word' id='word_1_5' title='bbox 640 622 730 686; x_wconf 87' lang='lat' dir='ltr'><em>etad</em></span> <span class='ocrx_word' id='word_1_6' title='bbox 751 621 968 701; x_wconf 77' lang='lat' dir='ltr'><strong><em>Eudemum,</em></strong></span> <span class='ocrx_word' id='word_1_7' title='bbox 991 621 1134 711; x_wconf 82' lang='lat' dir='ltr'><em>Magna</em></span> <span class='ocrx_word' id='word_1_8' title='bbox 1151 623 1281 690; x_wconf 86' lang='lat' dir='ltr'><em>Mora-</em></span> 
     </span>
     <span class='ocr_line' id='line_1_3' title="bbox 230 708 1281 799; baseline -0.002 -23"><span class='ocrx_word' id='word_1_9' title='bbox 230 713 297 796; x_wconf 73' lang='lat' dir='ltr'><em>lia,</em></span> <span class='ocrx_word' id='word_1_10' title='bbox 322 710 475 776; x_wconf 79' lang='lat' dir='ltr'><em>Politice</em></span> <span class='ocrx_word' id='word_1_11' title='bbox 492 721 525 774; x_wconf 88' lang='lat' dir='ltr'><em>et</em></span> <span class='ocrx_word' id='word_1_12' title='bbox 540 709 847 776; x_wconf 83' lang='lat' dir='ltr'><em>Oeconomicorum</em></span> <span class='ocrx_word' id='word_1_13' title='bbox 864 708 990 774; x_wconf 87' lang='lat' dir='ltr'><em>librum</em></span> <span class='ocrx_word' id='word_1_14' title='bbox 1003 709 1029 774; x_wconf 89' lang='lat' dir='ltr'><em>l.</em></span> <span class='ocrx_word' id='word_1_15' title='bbox 1050 708 1281 799; x_wconf 87' lang='lat' dir='ltr'><em>comprehen-</em></span> 
     </span>
     <span class='ocr_line' id='line_1_4' title="bbox 231 795 1325 883; baseline 0 -21"><span class='ocrx_word' id='word_1_16' title='bbox 231 799 328 862; x_wconf 91' lang='lat' dir='ltr'><em>dunt.</em></span> <span class='ocrx_word' id='word_1_17' title='bbox 352 795 395 864; x_wconf 91' lang='lat' dir='ltr'><em>ll.</em></span> <span class='ocrx_word' id='word_1_18' title='bbox 407 796 689 873; x_wconf 87' lang='lat' dir='ltr'><em>Mathematica,</em></span> <span class='ocrx_word' id='word_1_19' title='bbox 707 818 856 883; x_wconf 81' lang='lat' dir='ltr'><em>quorum</em></span> <span class='ocrx_word' id='word_1_20' title='bbox 868 795 935 860; x_wconf 90' lang='lat' dir='ltr'><em>duo</em></span> <span class='ocrx_word' id='word_1_21' title='bbox 949 819 1062 883; x_wconf 82' lang='lat' dir='ltr'><em>opera,</em></span> <span class='ocrx_word' id='word_1_22' title='bbox 1092 799 1283 882; x_wconf 84' lang='lat' dir='ltr'><em>Quaestio·</em></span> <span class='ocrx_word' id='word_1_23' title='bbox 1321 807 1325 812; x_wconf 88' lang='lat'>&#39;</span> 
     </span>
     <span class='ocr_line' id='line_1_5' title="bbox 230 883 1283 960; baseline -0.002 -11"><span class='ocrx_word' id='word_1_24' title='bbox 230 908 291 949; x_wconf 88' lang='lat' dir='ltr'><em>nes</em></span> <span class='ocrx_word' id='word_1_25' title='bbox 308 885 540 949; x_wconf 81' lang='lat' dir='ltr'><em>Machanicae</em></span> <span class='ocrx_word' id='word_1_26' title='bbox 559 894 595 946; x_wconf 91' lang='lat' dir='ltr'><em>et</em></span> <span class='ocrx_word' id='word_1_27' title='bbox 619 883 676 948; x_wconf 84' lang='lat' dir='ltr'><em>De</em></span> <span class='ocrx_word' id='word_1_28' title='bbox 693 885 819 949; x_wconf 87' lang='lat' dir='ltr'><em>Lineis</em></span> <span class='ocrx_word' id='word_1_29' title='bbox 838 884 1082 950; x_wconf 67' lang='lat' dir='ltr'><em>insecabilibus</em></span> <span class='ocrx_word' id='word_1_30' title='bbox 1103 885 1206 960; x_wconf 87' lang='lat' dir='ltr'><em>liber,</em></span> <span class='ocrx_word' id='word_1_31' title='bbox 1228 883 1283 947; x_wconf 86' lang='lat' dir='ltr'><em>fe·</em></span> 
     </span>
     <span class='ocr_line' id='line_1_6' title="bbox 230 969 1284 1057; baseline -0.001 -23"><span class='ocrx_word' id='word_1_32' title='bbox 230 983 366 1035; x_wconf 89' lang='lat' dir='ltr'><em>runtur.</em></span> <span class='ocrx_word' id='word_1_33' title='bbox 412 969 470 1037; x_wconf 85' lang='lat' dir='ltr'><em>lit.</em></span> <span class='ocrx_word' id='word_1_34' title='bbox 490 970 549 1033; x_wconf 91' lang='lat' dir='ltr'><em>Ad</em></span> <span class='ocrx_word' id='word_1_35' title='bbox 572 993 687 1035; x_wconf 88' lang='lat' dir='ltr'><em>rerum</em></span> <span class='ocrx_word' id='word_1_36' title='bbox 715 971 936 1035; x_wconf 78' lang='lat' dir='ltr'><em>naturalium</em></span> <span class='ocrx_word' id='word_1_37' title='bbox 961 973 1145 1036; x_wconf 70' lang='lat' dir='ltr'><em>historiam</em></span> <span class='ocrx_word' id='word_1_38' title='bbox 1176 973 1284 1057; x_wconf 85' lang='lat' dir='ltr'><em>perti·</em></span> 
     </span>
     <span class='ocr_line' id='line_1_7' title="bbox 212 1058 1281 1152; baseline 0.001 -30"><span class='ocrx_word' id='word_1_39' title='bbox 212 1070 313 1152; x_wconf 68' lang='lat' dir='ltr'><em>Jrent</em></span> <span class='ocrx_word' id='word_1_40' title='bbox 326 1058 412 1123; x_wconf 79' lang='lat' dir='ltr'><em>iibri</em></span> <span class='ocrx_word' id='word_1_41' title='bbox 427 1059 558 1134; x_wconf 80' lang='lat' dir='ltr'><em>decem,</em></span> <span class='ocrx_word' id='word_1_42' title='bbox 581 1078 675 1120; x_wconf 88' lang='lat' dir='ltr'><em>nuno</em></span> <span class='ocrx_word' id='word_1_43' title='bbox 692 1058 907 1145; x_wconf 71' lang='lat' dir='ltr'><em>superstites,</em></span> <span class='ocrx_word' id='word_1_44' title='bbox 929 1059 1118 1123; x_wconf 71' lang='lat' dir='ltr'><em>Historiae</em></span> <span class='ocrx_word' id='word_1_45' title='bbox 1132 1058 1175 1122; x_wconf 86' lang='lat' dir='ltr'><em>de</em></span> <span class='ocrx_word' id='word_1_46' title='bbox 1186 1059 1281 1123; x_wconf 85' lang='lat' dir='ltr'><em>Ani·</em></span> 
     </span>
     <span class='ocr_line' id='line_1_8' title="bbox 230 1143 1282 1231; baseline -0.002 -22"><span class='ocrx_word' id='word_1_47' title='bbox 230 1146 397 1224; x_wconf 79' lang='lat' dir='ltr'><em>malibus3</em></span> <span class='ocrx_word' id='word_1_48' title='bbox 422 1144 481 1209; x_wconf 88' lang='lat' dir='ltr'><em>De</em></span> <span class='ocrx_word' id='word_1_49' title='bbox 492 1143 656 1231; x_wconf 87' lang='lat' dir='ltr'><em>partibus</em></span> <span class='ocrx_word' id='word_1_50' title='bbox 666 1145 896 1222; x_wconf 69' lang='lat' dir='ltr'><em>animalium,</em></span> <span class='ocrx_word' id='word_1_51' title='bbox 920 1144 979 1209; x_wconf 90' lang='lat' dir='ltr'><em>De</em></span> <span class='ocrx_word' id='word_1_52' title='bbox 994 1145 1206 1220; x_wconf 83' lang='lat' dir='ltr'><em>animalium</em></span> <span class='ocrx_word' id='word_1_53' title='bbox 1224 1146 1282 1209; x_wconf 86' lang='lat' dir='ltr'><em>in·</em></span> 
     </span>
     <span class='ocr_line' id='line_1_9' title="bbox 230 1229 1284 1318; baseline -0.001 -23"><span class='ocrx_word' id='word_1_54' title='bbox 230 1255 342 1306; x_wconf 87' lang='lat' dir='ltr'><em>cessu,</em></span> <span class='ocrx_word' id='word_1_55' title='bbox 367 1230 617 1316; x_wconf 85' lang='lat' dir='ltr'><em>aliiquemulti,</em></span> <span class='ocrx_word' id='word_1_56' title='bbox 641 1234 763 1315; x_wconf 87' lang='lat' dir='ltr'><em>partim</em></span> <span class='ocrx_word' id='word_1_57' title='bbox 784 1232 894 1318; x_wconf 87' lang='lat' dir='ltr'><em>spurii</em></span> <span class='ocrx_word' id='word_1_58' title='bbox 911 1244 970 1296; x_wconf 88' lang='lat' dir='ltr'><em>aut</em></span> <span class='ocrx_word' id='word_1_59' title='bbox 990 1229 1111 1296; x_wconf 81' lang='lat' dir='ltr'><em>dubiae</em></span> <span class='ocrx_word' id='word_1_60' title='bbox 1127 1229 1225 1309; x_wconf 88' lang='lat' dir='ltr'><em>fidei,</em></span> <span class='ocrx_word' id='word_1_61' title='bbox 1247 1237 1284 1294; x_wconf 90' lang='lat' dir='ltr'><em>in</em></span> 
     </span>
     <span class='ocr_line' id='line_1_10' title="bbox 229 1317 1284 1398; baseline -0.001 -17"><span class='ocrx_word' id='word_1_62' title='bbox 229 1317 284 1381; x_wconf 89' lang='lat' dir='ltr'><em>his</em></span> <span class='ocrx_word' id='word_1_63' title='bbox 297 1317 382 1381; x_wconf 89' lang='lat' dir='ltr'><em>liber</em></span> <span class='ocrx_word' id='word_1_64' title='bbox 392 1339 434 1381; x_wconf 84' lang='lat' dir='ltr'><em>ex</em></span> <span class='ocrx_word' id='word_1_65' title='bbox 447 1317 519 1379; x_wconf 88' lang='lat' dir='ltr'><em>aliis</em></span> <span class='ocrx_word' id='word_1_66' title='bbox 531 1317 759 1380; x_wconf 77' lang='lat' dir='ltr'><em>Aristoteliois</em></span> <span class='ocrx_word' id='word_1_67' title='bbox 774 1317 1005 1381; x_wconf 83' lang='lat' dir='ltr'><em>verisimiliter</em></span> <span class='ocrx_word' id='word_1_68' title='bbox 1019 1320 1284 1398; x_wconf 74' lang='lat' dir='ltr'><em>consarcinatus,</em></span> 
     </span>
     <span class='ocr_line' id='line_1_11' title="bbox 231 1402 1285 1491; baseline -0.003 -22"><span class='ocrx_word' id='word_1_69' title='bbox 231 1402 292 1469; x_wconf 91' lang='lat' dir='ltr'><em>De</em></span> <span class='ocrx_word' id='word_1_70' title='bbox 304 1404 526 1468; x_wconf 86' lang='lat' dir='ltr'><em>mirabilibus</em></span> <span class='ocrx_word' id='word_1_71' title='bbox 546 1404 858 1467; x_wconf 82' lang='lat' dir='ltr'><em>auscultationibus</em></span> <span class='ocrx_word' id='word_1_72' title='bbox 878 1405 939 1491; x_wconf 86' lang='lat' dir='ltr'><em>(cf.</em></span> <span class='ocrx_word' id='word_1_73' title='bbox 953 1403 1145 1469; x_wconf 78' lang='lat' dir='ltr'><em>Niebuhrii</em></span> <span class='ocrx_word' id='word_1_74' title='bbox 1160 1406 1285 1468; x_wconf 73' lang='lat' dir='ltr'><em>Romi-</em></span> 
     </span>
     <span class='ocr_line' id='line_1_12' title="bbox 231 1487 1286 1577; baseline 0.003 -25"><span class='ocrx_word' id='word_1_75' title='bbox 231 1492 314 1552; x_wconf 87' lang='lat' dir='ltr'><em>sche</em></span> <span class='ocrx_word' id='word_1_76' title='bbox 327 1487 534 1552; x_wconf 81' lang='lat' dir='ltr'><em>Geschichte</em></span> <span class='ocrx_word' id='word_1_77' title='bbox 550 1488 593 1554; x_wconf 86' lang='lat' dir='ltr'><em>T.</em></span> <span class='ocrx_word' id='word_1_78' title='bbox 608 1487 632 1552; x_wconf 92' lang='lat' dir='ltr'><em>l.</em></span> <span class='ocrx_word' id='word_1_79' title='bbox 652 1512 685 1576; x_wconf 90' lang='lat' dir='ltr'><em>p.</em></span> <span class='ocrx_word' id='word_1_80' title='bbox 698 1493 768 1576; x_wconf 57' lang='lat' dir='ltr'><em>affl:</em></span> <span class='ocrx_word' id='word_1_81' title='bbox 793 1491 835 1552; x_wconf 92' lang='lat' dir='ltr'><em>de</em></span> <span class='ocrx_word' id='word_1_82' title='bbox 852 1491 977 1577; x_wconf 88' lang='lat' dir='ltr'><em>quibus</em></span> <span class='ocrx_word' id='word_1_83' title='bbox 995 1488 1154 1554; x_wconf 89' lang='lat' dir='ltr'><em>omnibus</em></span> <span class='ocrx_word' id='word_1_84' title='bbox 1166 1511 1197 1554; x_wconf 81' lang='lat' dir='ltr'><em>v.</em></span> <span class='ocrx_word' id='word_1_85' title='bbox 1207 1491 1286 1555; x_wconf 87' lang='lat' dir='ltr'><em>Fa·</em></span> 
     </span>
     <span class='ocr_line' id='line_1_13' title="bbox 232 1574 1285 1664; baseline 0.002 -25"><span class='ocrx_word' id='word_1_86' title='bbox 232 1575 366 1641; x_wconf 85' lang='lat' dir='ltr'><em>bricius</em></span> <span class='ocrx_word' id='word_1_87' title='bbox 383 1575 421 1638; x_wconf 89' lang='lat' dir='ltr'><em>B.</em></span> <span class='ocrx_word' id='word_1_88' title='bbox 434 1574 496 1637; x_wconf 89' lang='lat' dir='ltr'><em>Gr.</em></span> <span class='ocrx_word' id='word_1_89' title='bbox 512 1574 594 1639; x_wconf 90' lang='lat' dir='ltr'><em>Vol.</em></span> <span class='ocrx_word' id='word_1_90' title='bbox 608 1574 666 1640; x_wconf 87' lang='grc' dir='ltr'>ΙΙΙ.</span> <span class='ocrx_word' id='word_1_91' title='bbox 683 1599 717 1664; x_wconf 91' lang='lat' dir='ltr'><em>p.</em></span> <span class='ocrx_word' id='word_1_92' title='bbox 732 1577 891 1664; x_wconf 67' lang='lat' dir='ltr'><em>noy-284.</em></span> <span class='ocrx_word' id='word_1_93' title='bbox 911 1590 944 1641; x_wconf 92' lang='lat' dir='ltr'><em>et</em></span> <span class='ocrx_word' id='word_1_94' title='bbox 958 1576 1110 1641; x_wconf 87' lang='lat' dir='ltr'><em>Buhlius</em></span> <span class='ocrx_word' id='word_1_95' title='bbox 1122 1583 1159 1640; x_wconf 88' lang='lat' dir='ltr'><em>in</em></span> <span class='ocrx_word' id='word_1_96' title='bbox 1176 1575 1285 1641; x_wconf 87' lang='lat' dir='ltr'><em>Com·</em></span> 
     </span>
     <span class='ocr_line' id='line_1_14' title="bbox 204 1661 1286 1750; baseline 0.002 -27"><span class='ocrx_word' id='word_1_97' title='bbox 204 1739 207 1746; x_wconf 29' lang='lat'><strong>¹</strong></span> <span class='ocrx_word' id='word_1_98' title='bbox 232 1671 374 1724; x_wconf 79' lang='lat' dir='ltr'><em>mantnt.</em></span> <span class='ocrx_word' id='word_1_99' title='bbox 387 1661 478 1724; x_wconf 89' lang='lat' dir='ltr'><em>laud.</em></span> <span class='ocrx_word' id='word_1_100' title='bbox 493 1684 527 1749; x_wconf 86' lang='lat' dir='ltr'><em>p.</em></span> <span class='ocrx_word' id='word_1_101' title='bbox 545 1662 582 1724; x_wconf 85' lang='lat'><em>51</em></span> <span class='ocrx_word' id='word_1_102' title='bbox 595 1686 667 1750; x_wconf 86' lang='lat' dir='ltr'><em>sqq.</em></span> <span class='ocrx_word' id='word_1_103' title='bbox 696 1673 729 1727; x_wconf 85' lang='lat' dir='ltr'><em>et</em></span> <span class='ocrx_word' id='word_1_104' title='bbox 746 1668 782 1726; x_wconf 87' lang='lat' dir='ltr'><em>in</em></span> <span class='ocrx_word' id='word_1_105' title='bbox 807 1663 952 1730; x_wconf 74' lang='lat' dir='ltr'><em>Praelat.</em></span> <span class='ocrx_word' id='word_1_106' title='bbox 969 1665 1011 1727; x_wconf 84' lang='lat' dir='ltr'><em>ad</em></span> <span class='ocrx_word' id='word_1_107' title='bbox 1026 1663 1119 1727; x_wconf 90' lang='lat' dir='ltr'><em>Voll.</em></span> <span class='ocrx_word' id='word_1_108' title='bbox 1130 1661 1286 1728; x_wconf 83' lang='lat' dir='ltr'><em>liLAri-</em></span> 
     </span>
     <span class='ocr_line' id='line_1_15' title="bbox 231 1746 1300 1835; baseline 0.007 -26"><span class='ocrx_word' id='word_1_109' title='bbox 231 1747 362 1811; x_wconf 83' lang='lat' dir='ltr'><em>stotelis</em></span> <span class='ocrx_word' id='word_1_110' title='bbox 379 1746 517 1835; x_wconf 87' lang='lat' dir='ltr'><em>p.Xlsq</em></span> <span class='ocrx_word' id='word_1_111' title='bbox 544 1797 551 1809; x_wconf 90' lang='lat'><strong>.</strong></span> <span class='ocrx_word' id='word_1_112' title='bbox 572 1748 742 1813; x_wconf 85' lang='lat' dir='ltr'><em>Eumdem</em></span> <span class='ocrx_word' id='word_1_113' title='bbox 758 1750 813 1814; x_wconf 89' lang='lat' dir='ltr'><em>adi</em></span> <span class='ocrx_word' id='word_1_114' title='bbox 831 1750 873 1813; x_wconf 87' lang='lat' dir='ltr'><em>de</em></span> <span class='ocrx_word' id='word_1_115' title='bbox 887 1751 1057 1815; x_wconf 78' lang='lat' dir='ltr'><em>librorum</em></span> <span class='ocrx_word' id='word_1_116' title='bbox 1072 1749 1300 1828; x_wconf 75' lang='lat' dir='ltr'><em>Aristotelis,</em></span> 
     </span>
     <span class='ocr_line' id='line_1_16' title="bbox 231 1835 1285 1925; baseline 0.002 -29"><span class='ocrx_word' id='word_1_117' title='bbox 231 1845 310 1921; x_wconf 88' lang='lat' dir='ltr'><em>post</em></span> <span class='ocrx_word' id='word_1_118' title='bbox 333 1836 481 1899; x_wconf 86' lang='lat' dir='ltr'><em>auctoris</em></span> <span class='ocrx_word' id='word_1_119' title='bbox 513 1859 533 1897; x_wconf 92' lang='lat' dir='ltr'><em>o</em></span> <span class='ocrx_word' id='word_1_120' title='bbox 559 1837 664 1914; x_wconf 89' lang='lat' dir='ltr'><em>itum,</em></span> <span class='ocrx_word' id='word_1_121' title='bbox 688 1835 803 1925; x_wconf 82' lang='lat' dir='ltr'><em>satis,</em></span> <span class='ocrx_word' id='word_1_122' title='bbox 844 1836 1013 1901; x_wconf 81' lang='lat' dir='ltr'><em>Strabone</em></span> <span class='ocrx_word' id='word_1_123' title='bbox 1044 1849 1078 1901; x_wconf 89' lang='lat' dir='ltr'><em>et</em></span> <span class='ocrx_word' id='word_1_124' title='bbox 1099 1835 1285 1900; x_wconf 82' lang='lat' dir='ltr'><em>Plutarcho</em></span> 
     </span>
     <span class='ocr_line' id='line_1_17' title="bbox 231 1921 1284 2011; baseline 0.002 -27"><span class='ocrx_word' id='word_1_125' title='bbox 231 1921 391 1996; x_wconf 89' lang='lat' dir='ltr'><em>ducibus,</em></span> <span class='ocrx_word' id='word_1_126' title='bbox 415 1922 641 2009; x_wconf 78' lang='lat' dir='ltr'><em>disputantem</em></span> <span class='ocrx_word' id='word_1_127' title='bbox 658 1926 693 1986; x_wconf 89' lang='lat' dir='ltr'><em>in</em></span> <span class='ocrx_word' id='word_1_128' title='bbox 713 1922 926 2011; x_wconf 81' lang='lat' dir='ltr'><em>praefatione</em></span> <span class='ocrx_word' id='word_1_129' title='bbox 947 1924 990 1986; x_wconf 91' lang='lat' dir='ltr'><em>ad</em></span> <span class='ocrx_word' id='word_1_130' title='bbox 1003 1921 1118 1989; x_wconf 78' lang='lat' dir='ltr'><em>voti.</em></span> <span class='ocrx_word' id='word_1_131' title='bbox 1137 1921 1284 1987; x_wconf 74' lang='lat' dir='ltr'><em>Aristot.</em></span> 
     </span>
     <span class='ocr_line' id='line_1_18' title="bbox 230 2007 1286 2096; baseline 0.001 -25"><span class='ocrx_word' id='word_1_132' title='bbox 230 2007 464 2096; x_wconf 66' lang='lat' dir='ltr'><em>pxillsqq.</em></span> <span class='ocrx_word' id='word_1_133' title='bbox 492 2015 574 2074; x_wconf 88' lang='lat' dir='ltr'><em>item</em></span> <span class='ocrx_word' id='word_1_134' title='bbox 602 2010 839 2075; x_wconf 87' lang='lat' dir='ltr'><em>doctissimum</em></span> <span class='ocrx_word' id='word_1_135' title='bbox 868 2010 1122 2076; x_wconf 85' lang='lat' dir='ltr'><em>Schneiderum</em></span> <span class='ocrx_word' id='word_1_136' title='bbox 1141 2009 1286 2096; x_wconf 78' lang='lat' dir='ltr'><em>inEpi·</em></span> 
     </span>
    </p>
   </div>
   <div class='ocr_carea' id='block_1_3' title="bbox 226 2091 1389 2183">
    <p class='ocr_par' dir='ltr' id='par_1_3' title="bbox 226 2091 1389 2183">
     <span class='ocr_line' id='line_1_19' title="bbox 226 2091 1389 2183; baseline 0.003 -25"><span class='ocrx_word' id='word_1_137' title='bbox 226 2105 341 2159; x_wconf 86' lang='lat' dir='ltr'><em>metro</em></span> <span class='ocrx_word' id='word_1_138' title='bbox 358 2095 399 2161; x_wconf 83' lang='lat'><em>11,</em></span> <span class='ocrx_word' id='word_1_139' title='bbox 419 2096 624 2183; x_wconf 86' lang='lat' dir='ltr'><em>praefationi</em></span> <span class='ocrx_word' id='word_1_140' title='bbox 644 2098 686 2161; x_wconf 93' lang='lat' dir='ltr'><em>ad</em></span> <span class='ocrx_word' id='word_1_141' title='bbox 708 2097 904 2162; x_wconf 87' lang='lat' dir='ltr'><em>Aristotelis</em></span> <span class='ocrx_word' id='word_1_142' title='bbox 928 2096 1105 2162; x_wconf 82' lang='lat' dir='ltr'><em>historiam</em></span> <span class='ocrx_word' id='word_1_143' title='bbox 1129 2097 1172 2161; x_wconf 88' lang='lat' dir='ltr'><em>da</em></span> <span class='ocrx_word' id='word_1_144' title='bbox 1189 2094 1284 2161; x_wconf 86' lang='lat' dir='ltr'><em>Ani·</em></span> <span class='ocrx_word' id='word_1_145' title='bbox 1383 2091 1389 2104; x_wconf 85' lang='lat'>&#39;</span> 
     </span>
    </p>
   </div>
   <div class='ocr_carea' id='block_1_4' title="bbox 161 2181 1285 3832">
    <p class='ocr_par' dir='ltr' id='par_1_4' title="bbox 161 2181 1285 3832">
     <span class='ocr_line' id='line_1_20' title="bbox 226 2181 1285 2271; baseline 0.002 -26"><span class='ocrx_word' id='word_1_146' title='bbox 226 2181 375 2247; x_wconf 88' lang='lat' dir='ltr'><em>malibus</em></span> <span class='ocrx_word' id='word_1_147' title='bbox 389 2183 539 2247; x_wconf 88' lang='lat' dir='ltr'><em>subiecto</em></span> <span class='ocrx_word' id='word_1_148' title='bbox 558 2183 602 2246; x_wconf 89' lang='grc' dir='ltr'><em>Τ.</em></span> <span class='ocrx_word' id='word_1_149' title='bbox 616 2185 640 2249; x_wconf 90' lang='grc' dir='ltr'><em>Ι.</em></span> <span class='ocrx_word' id='word_1_150' title='bbox 658 2182 1094 2271; x_wconf 74' lang='lat' dir='ltr'><em>p.Lxxv1-x0111.-</em></span> <span class='ocrx_word' id='word_1_151' title='bbox 1116 2183 1285 2247; x_wconf 79' lang='lat' dir='ltr'><em>Sermone</em></span> 
     </span>
     <span class='ocr_line' id='line_1_21' title="bbox 225 2268 1283 2359; baseline 0 -26"><span class='ocrx_word' id='word_1_152' title='bbox 225 2268 264 2333; x_wconf 89' lang='lat' dir='ltr'><em>in</em></span> <span class='ocrx_word' id='word_1_153' title='bbox 287 2268 542 2333; x_wconf 87' lang='lat' dir='ltr'><em>conscribendis</em></span> <span class='ocrx_word' id='word_1_154' title='bbox 559 2270 675 2346; x_wconf 89' lang='lat' dir='ltr'><em>libris,</em></span> <span class='ocrx_word' id='word_1_155' title='bbox 696 2269 762 2333; x_wconf 88' lang='lat' dir='ltr'><em>illis</em></span> <span class='ocrx_word' id='word_1_156' title='bbox 779 2270 952 2359; x_wconf 77' lang='lat' dir='ltr'><em>imprImis</em></span> <span class='ocrx_word' id='word_1_157' title='bbox 972 2271 1205 2337; x_wconf 87' lang='lat' dir='ltr'><em>ocronmatici</em></span> <span class='ocrx_word' id='word_1_158' title='bbox 1223 2270 1283 2357; x_wconf 89' lang='lat' dir='ltr'><em>qui</em></span> 
     </span>
     <span class='ocr_line' id='line_1_22' title="bbox 229 2353 1285 2444; baseline 0.003 -25"><span class='ocrx_word' id='word_1_159' title='bbox 229 2355 410 2434; x_wconf 88' lang='lat' dir='ltr'><em>dicuntur,</em></span> <span class='ocrx_word' id='word_1_160' title='bbox 434 2377 515 2419; x_wconf 85' lang='lat' dir='ltr'><em>usus</em></span> <span class='ocrx_word' id='word_1_161' title='bbox 537 2367 587 2419; x_wconf 88' lang='lat' dir='ltr'><em>est</em></span> <span class='ocrx_word' id='word_1_162' title='bbox 608 2353 814 2419; x_wconf 81' lang='lat' dir='ltr'><em>Aristotelea</em></span> <span class='ocrx_word' id='word_1_163' title='bbox 834 2357 1022 2444; x_wconf 89' lang='lat' dir='ltr'><em>purissimo</em></span> <span class='ocrx_word' id='word_1_164' title='bbox 1046 2357 1201 2442; x_wconf 83' lang='lat' dir='ltr'><em>quidem,</em></span> <span class='ocrx_word' id='word_1_165' title='bbox 1225 2355 1285 2422; x_wconf 87' lang='lat' dir='ltr'><em>sed</em></span> 
     </span>
     <span class='ocr_line' id='line_1_23' title="bbox 228 2442 1281 2533; baseline 0.003 -28"><span class='ocrx_word' id='word_1_166' title='bbox 228 2452 374 2533; x_wconf 88' lang='lat' dir='ltr'><em>propter</em></span> <span class='ocrx_word' id='word_1_167' title='bbox 385 2442 711 2529; x_wconf 83' lang='lat' dir='ltr'><em>breviloquentiam,</em></span> <span class='ocrx_word' id='word_1_168' title='bbox 734 2447 916 2509; x_wconf 85' lang='lat' dir='ltr'><em>sententias</em></span> <span class='ocrx_word' id='word_1_169' title='bbox 932 2444 1075 2533; x_wconf 88' lang='lat' dir='ltr'><em>spissas,</em></span> <span class='ocrx_word' id='word_1_170' title='bbox 1094 2443 1198 2509; x_wconf 86' lang='lat' dir='ltr'><em>verba</em></span> <span class='ocrx_word' id='word_1_171' title='bbox 1214 2466 1281 2508; x_wconf 87' lang='lat' dir='ltr'><em>no·</em></span> 
     </span>
     <span class='ocr_line' id='line_1_24' title="bbox 229 2528 1284 2620; baseline -0.003 -24"><span class='ocrx_word' id='word_1_172' title='bbox 229 2548 273 2596; x_wconf 76' lang='lat' dir='ltr'><em>va</em></span> <span class='ocrx_word' id='word_1_173' title='bbox 293 2528 391 2592; x_wconf 85' lang='lat' dir='ltr'><em>novis</em></span> <span class='ocrx_word' id='word_1_174' title='bbox 410 2529 512 2593; x_wconf 87' lang='lat' dir='ltr'><em>rebus</em></span> <span class='ocrx_word' id='word_1_175' title='bbox 534 2530 711 2618; x_wconf 85' lang='lat' dir='ltr'><em>imposita,</em></span> <span class='ocrx_word' id='word_1_176' title='bbox 742 2532 795 2594; x_wconf 86' lang='lat' dir='ltr'><em>vel</em></span> <span class='ocrx_word' id='word_1_177' title='bbox 820 2532 887 2597; x_wconf 89' lang='lat' dir='ltr'><em>alio</em></span> <span class='ocrx_word' id='word_1_178' title='bbox 907 2553 1007 2596; x_wconf 88' lang='lat' dir='ltr'><em>sensu</em></span> <span class='ocrx_word' id='word_1_179' title='bbox 1024 2542 1063 2609; x_wconf 88' lang='lat' dir='ltr'><em>et</em></span> <span class='ocrx_word' id='word_1_180' title='bbox 1083 2528 1284 2620; x_wconf 82' lang='lat' dir='ltr'><em>significatu,</em></span> 
     </span>
     <span class='ocr_line' id='line_1_25' title="bbox 232 2614 1282 2703; baseline 0.004 -24"><span class='ocrx_word' id='word_1_181' title='bbox 232 2614 403 2700; x_wconf 80' lang='lat' dir='ltr'><em>evulgari</em></span> <span class='ocrx_word' id='word_1_182' title='bbox 424 2625 459 2679; x_wconf 89' lang='lat' dir='ltr'><em>et</em></span> <span class='ocrx_word' id='word_1_183' title='bbox 483 2614 582 2679; x_wconf 91' lang='lat' dir='ltr'><em>solito</em></span> <span class='ocrx_word' id='word_1_184' title='bbox 603 2617 756 2695; x_wconf 83' lang='lat' dir='ltr'><em>diverso,</em></span> <span class='ocrx_word' id='word_1_185' title='bbox 790 2616 843 2682; x_wconf 88' lang='lat' dir='ltr'><em>fra</em></span> <span class='ocrx_word' id='word_1_186' title='bbox 869 2629 989 2684; x_wconf 89' lang='lat' dir='ltr'><em>uenter</em></span> <span class='ocrx_word' id='word_1_187' title='bbox 1009 2631 1190 2703; x_wconf 82' lang='lat' dir='ltr'><em>usurpata,</em></span> <span class='ocrx_word' id='word_1_188' title='bbox 1213 2617 1282 2683; x_wconf 86' lang='lat' dir='ltr'><em>dif-</em></span> 
     </span>
     <span class='ocr_line' id='line_1_26' title="bbox 230 2642 1284 2770; baseline 0.005 -5"><span class='ocrx_word' id='word_1_189' title='bbox 230 2699 385 2766; x_wconf 88' lang='lat' dir='ltr'><em>ficillimo</em></span> <span class='ocrx_word' id='word_1_190' title='bbox 406 2715 440 2766; x_wconf 88' lang='lat' dir='ltr'><em>et</em></span> <span class='ocrx_word' id='word_1_191' title='bbox 461 2703 624 2768; x_wconf 80' lang='lat' dir='ltr'><em>hactenus</em></span> <span class='ocrx_word' id='word_1_192' title='bbox 640 2705 799 2769; x_wconf 89' lang='lat' dir='ltr'><em>obscuro.</em></span> <span class='ocrx_word' id='word_1_193' title='bbox 846 2642 886 2770; x_wconf 80' lang='lat' dir='ltr'><em>ln</em></span> <span class='ocrx_word' id='word_1_194' title='bbox 908 2707 1063 2770; x_wconf 86' lang='lat' dir='ltr'><em>oratione</em></span> <span class='ocrx_word' id='word_1_195' title='bbox 1083 2711 1156 2769; x_wconf 88' lang='lat' dir='ltr'><em>eius</em></span> <span class='ocrx_word' id='word_1_196' title='bbox 1180 2727 1284 2770; x_wconf 87' lang='lat' dir='ltr'><em>accu-</em></span> 
     </span>
     <span class='ocr_line' id='line_1_27' title="bbox 230 2790 1285 2879; baseline 0.004 -26"><span class='ocrx_word' id='word_1_197' title='bbox 230 2799 321 2868; x_wconf 86' lang='lat' dir='ltr'><em>rata,</em></span> <span class='ocrx_word' id='word_1_198' title='bbox 344 2796 479 2855; x_wconf 84' lang='lat' dir='ltr'><em>concisa</em></span> <span class='ocrx_word' id='word_1_199' title='bbox 497 2800 530 2853; x_wconf 91' lang='lat' dir='ltr'><em>et</em></span> <span class='ocrx_word' id='word_1_200' title='bbox 548 2812 609 2878; x_wconf 86' lang='lat' dir='ltr'><em>par</em></span> <span class='ocrx_word' id='word_1_201' title='bbox 634 2802 722 2866; x_wconf 87' lang='lat' dir='ltr'><em>etus,</em></span> <span class='ocrx_word' id='word_1_202' title='bbox 736 2790 864 2855; x_wconf 84' lang='lat' dir='ltr'><em>frustra</em></span> <span class='ocrx_word' id='word_1_203' title='bbox 876 2813 1016 2879; x_wconf 86' lang='lat' dir='ltr'><em>quaeras</em></span> <span class='ocrx_word' id='word_1_204' title='bbox 1026 2793 1195 2857; x_wconf 86' lang='lat' dir='ltr'><em>Platonici</em></span> <span class='ocrx_word' id='word_1_205' title='bbox 1209 2793 1285 2857; x_wconf 86' lang='lat' dir='ltr'><em>dia·</em></span> 
     </span>
     <span class='ocr_line' id='line_1_28' title="bbox 229 2811 1285 2968; baseline 0.003 -26"><span class='ocrx_word' id='word_1_206' title='bbox 229 2876 303 2962; x_wconf 83' lang='lat' dir='ltr'><em>logi</em></span> <span class='ocrx_word' id='word_1_207' title='bbox 330 2876 484 2942; x_wconf 84' lang='lat' dir='ltr'><em>Veneres</em></span> <span class='ocrx_word' id='word_1_208' title='bbox 519 2889 554 2943; x_wconf 90' lang='lat' dir='ltr'><em>et</em></span> <span class='ocrx_word' id='word_1_209' title='bbox 584 2811 779 2956; x_wconf 70' lang='lat' dir='ltr'><em>illecebras,</em></span> <span class='ocrx_word' id='word_1_210' title='bbox 808 2880 1016 2966; x_wconf 82' lang='lat' dir='ltr'><em>imaginum,</em></span> <span class='ocrx_word' id='word_1_211' title='bbox 1051 2882 1285 2968; x_wconf 85' lang='lat' dir='ltr'><em>comparatio·</em></span> 
     </span>
     <span class='ocr_line' id='line_1_29' title="bbox 230 2965 1283 3055; baseline 0.004 -28"><span class='ocrx_word' id='word_1_212' title='bbox 230 2986 333 3041; x_wconf 86' lang='lat' dir='ltr'><em>num,</em></span> <span class='ocrx_word' id='word_1_213' title='bbox 356 2965 553 3045; x_wconf 86' lang='lat' dir='ltr'><em>fictionum,</em></span> <span class='ocrx_word' id='word_1_214' title='bbox 578 2966 822 3051; x_wconf 82' lang='lat' dir='ltr'><em>allegoriarum</em></span> <span class='ocrx_word' id='word_1_215' title='bbox 842 2978 874 3031; x_wconf 92' lang='lat' dir='ltr'><em>et</em></span> <span class='ocrx_word' id='word_1_216' title='bbox 892 2967 1163 3055; x_wconf 86' lang='lat' dir='ltr'><em>descriptionum</em></span> <span class='ocrx_word' id='word_1_217' title='bbox 1177 2989 1283 3031; x_wconf 86' lang='lat' dir='ltr'><em>orna·</em></span> 
     </span>
     <span class='ocr_line' id='line_1_30' title="bbox 216 3052 1285 3141; baseline 0.002 -27"><span class='ocrx_word' id='word_1_218' title='bbox 216 3062 363 3128; x_wconf 77' lang='lat' dir='ltr'><em>menta,</em></span> <span class='ocrx_word' id='word_1_219' title='bbox 394 3075 412 3114; x_wconf 92' lang='lat' dir='ltr'><em>e</em></span> <span class='ocrx_word' id='word_1_220' title='bbox 433 3052 615 3139; x_wconf 75' lang='lat' dir='ltr'><em>poetarum</em></span> <span class='ocrx_word' id='word_1_221' title='bbox 642 3075 737 3140; x_wconf 90' lang='lat' dir='ltr'><em>penu</em></span> <span class='ocrx_word' id='word_1_222' title='bbox 761 3055 802 3117; x_wconf 89' lang='lat' dir='ltr'><em>ad</em></span> <span class='ocrx_word' id='word_1_223' title='bbox 822 3055 1044 3140; x_wconf 80' lang='lat' dir='ltr'><em>mitigandam</em></span> <span class='ocrx_word' id='word_1_224' title='bbox 1067 3057 1285 3141; x_wconf 83' lang='lat' dir='ltr'><em>contempla-</em></span> 
     </span>
     <span class='ocr_line' id='line_1_31' title="bbox 230 3137 1284 3226; baseline -0.002 -25"><span class='ocrx_word' id='word_1_225' title='bbox 230 3139 334 3201; x_wconf 88' lang='lat' dir='ltr'><em>tionis</em></span> <span class='ocrx_word' id='word_1_226' title='bbox 353 3137 614 3226; x_wconf 88' lang='lat' dir='ltr'><em>philosophicae</em></span> <span class='ocrx_word' id='word_1_227' title='bbox 631 3142 847 3205; x_wconf 86' lang='lat' dir='ltr'><em>severitatem</em></span> <span class='ocrx_word' id='word_1_228' title='bbox 859 3152 929 3204; x_wconf 89' lang='lat' dir='ltr'><em>tam</em></span> <span class='ocrx_word' id='word_1_229' title='bbox 946 3141 1059 3204; x_wconf 83' lang='lat' dir='ltr'><em>divina</em></span> <span class='ocrx_word' id='word_1_230' title='bbox 1077 3142 1206 3225; x_wconf 84' lang='lat' dir='ltr'><em>ingenii</em></span> <span class='ocrx_word' id='word_1_231' title='bbox 1222 3163 1284 3205; x_wconf 83' lang='lat' dir='ltr'><em>co.</em></span> 
     </span>
     <span class='ocr_line' id='line_1_32' title="bbox 161 3218 1284 3316; baseline 0.002 -28"><span class='ocrx_word' id='word_1_232' title='bbox 161 3260 172 3275; x_wconf 55' lang='grc' dir='ltr'><em>ι</em></span> <span class='ocrx_word' id='word_1_233' title='bbox 231 3225 289 3313; x_wconf 85' lang='lat' dir='ltr'><em>pia</em></span> <span class='ocrx_word' id='word_1_234' title='bbox 322 3224 542 3312; x_wconf 76' lang='lat' dir='ltr'><em>deprompta,</em></span> <span class='ocrx_word' id='word_1_235' title='bbox 582 3247 685 3311; x_wconf 90' lang='lat' dir='ltr'><em>quam</em></span> <span class='ocrx_word' id='word_1_236' title='bbox 714 3226 918 3292; x_wconf 86' lang='lat' dir='ltr'><em>elocutionis</em></span> <span class='ocrx_word' id='word_1_237' title='bbox 951 3237 1022 3290; x_wconf 85' lang='lat' dir='ltr'><em>arta</em></span> <span class='ocrx_word' id='word_1_238' title='bbox 1052 3218 1284 3316; x_wconf 68' lang='lat' dir='ltr'><em>attemperata,</em></span> 
     </span>
     <span class='ocr_line' id='line_1_33' title="bbox 232 3311 1285 3401; baseline 0.005 -27"><span class='ocrx_word' id='word_1_239' title='bbox 232 3311 290 3374; x_wconf 86' lang='lat' dir='ltr'><em>sed</em></span> <span class='ocrx_word' id='word_1_240' title='bbox 312 3334 398 3398; x_wconf 86' lang='lat' dir='ltr'><em>quaa</em></span> <span class='ocrx_word' id='word_1_241' title='bbox 417 3312 452 3373; x_wconf 87' lang='lat' dir='ltr'><em>in</em></span> <span class='ocrx_word' id='word_1_242' title='bbox 474 3311 777 3399; x_wconf 83' lang='lat' dir='ltr'><em>disceptationibus</em></span> <span class='ocrx_word' id='word_1_243' title='bbox 802 3314 1051 3401; x_wconf 86' lang='lat' dir='ltr'><em>philosophicis</em></span> <span class='ocrx_word' id='word_1_244' title='bbox 1075 3316 1223 3379; x_wconf 85' lang='lat' dir='ltr'><em>veritatis</em></span> <span class='ocrx_word' id='word_1_245' title='bbox 1251 3326 1285 3381; x_wconf 86' lang='lat' dir='ltr'><em>et</em></span> 
     </span>
     <span class='ocr_line' id='line_1_34' title="bbox 230 3399 1284 3487; baseline 0.003 -24"><span class='ocrx_word' id='word_1_246' title='bbox 230 3400 391 3463; x_wconf 86' lang='lat' dir='ltr'><em>scientiae</em></span> <span class='ocrx_word' id='word_1_247' title='bbox 403 3399 503 3462; x_wconf 87' lang='lat' dir='ltr'><em>unice</em></span> <span class='ocrx_word' id='word_1_248' title='bbox 516 3401 707 3464; x_wconf 84' lang='lat' dir='ltr'><em>studiosum</em></span> <span class='ocrx_word' id='word_1_249' title='bbox 718 3404 931 3487; x_wconf 85' lang='lat' dir='ltr'><em>impediunt,</em></span> <span class='ocrx_word' id='word_1_250' title='bbox 947 3399 1104 3479; x_wconf 85' lang='lat' dir='ltr'><em>turbant,</em></span> <span class='ocrx_word' id='word_1_251' title='bbox 1123 3414 1284 3484; x_wconf 81' lang='lat' dir='ltr'><em>onerant3</em></span> 
     </span>
     <span class='ocr_line' id='line_1_35' title="bbox 229 3485 1284 3577; baseline 0.003 -28"><span class='ocrx_word' id='word_1_252' title='bbox 229 3485 322 3549; x_wconf 89' lang='lat' dir='ltr'><em>unde</em></span> <span class='ocrx_word' id='word_1_253' title='bbox 337 3508 357 3549; x_wconf 88' lang='lat' dir='ltr'><em>a</em></span> <span class='ocrx_word' id='word_1_254' title='bbox 374 3506 472 3549; x_wconf 88' lang='lat' dir='ltr'><em>more</em></span> <span class='ocrx_word' id='word_1_255' title='bbox 490 3485 557 3550; x_wconf 90' lang='lat' dir='ltr'><em>hoc</em></span> <span class='ocrx_word' id='word_1_256' title='bbox 575 3489 733 3576; x_wconf 88' lang='lat' dir='ltr'><em>antiquo,</em></span> <span class='ocrx_word' id='word_1_257' title='bbox 759 3487 996 3575; x_wconf 84' lang='lat' dir='ltr'><em>philosophiae</em></span> <span class='ocrx_word' id='word_1_258' title='bbox 1012 3500 1191 3577; x_wconf 84' lang='lat' dir='ltr'><em>praecepta</em></span> <span class='ocrx_word' id='word_1_259' title='bbox 1204 3510 1284 3575; x_wconf 88' lang='lat' dir='ltr'><em>my-</em></span> 
     </span>
     <span class='ocr_line' id='line_1_36' title="bbox 231 3572 1283 3659; baseline 0.004 -23"><span class='ocrx_word' id='word_1_260' title='bbox 231 3573 374 3636; x_wconf 88' lang='lat' dir='ltr'><em>thorum</em></span> <span class='ocrx_word' id='word_1_261' title='bbox 397 3585 430 3636; x_wconf 85' lang='lat' dir='ltr'><em>et</em></span> <span class='ocrx_word' id='word_1_262' title='bbox 449 3572 688 3659; x_wconf 88' lang='lat' dir='ltr'><em>symbolorum</em></span> <span class='ocrx_word' id='word_1_263' title='bbox 712 3575 903 3639; x_wconf 84' lang='lat' dir='ltr'><em>involucris</em></span> <span class='ocrx_word' id='word_1_264' title='bbox 926 3576 1100 3654; x_wconf 87' lang='lat' dir='ltr'><em>tradendi,</em></span> <span class='ocrx_word' id='word_1_265' title='bbox 1132 3579 1283 3647; x_wconf 81' lang='lat' dir='ltr'><em>severior</em></span> 
     </span>
     <span class='ocr_line' id='line_1_37' title="bbox 233 3660 1166 3747; baseline 0.002 -23"><span class='ocrx_word' id='word_1_266' title='bbox 233 3660 413 3745; x_wconf 72' lang='lat' dir='ltr'><em>stagiritae</em></span> <span class='ocrx_word' id='word_1_267' title='bbox 436 3661 523 3724; x_wconf 87' lang='lat' dir='ltr'><em>ratio</em></span> <span class='ocrx_word' id='word_1_268' title='bbox 547 3681 690 3747; x_wconf 86' lang='lat' dir='ltr'><em>prorsus</em></span> <span class='ocrx_word' id='word_1_269' title='bbox 711 3664 860 3725; x_wconf 84' lang='lat' dir='ltr'><em>recessit.</em></span> <span class='ocrx_word' id='word_1_270' title='bbox 1164 3661 1166 3664; x_wconf 56' lang='grc'>’</span> 
     </span>
     <span class='ocr_line' id='line_1_38' title="bbox 301 3746 1281 3832; baseline 0.003 -20"><span class='ocrx_word' id='word_1_271' title='bbox 301 3746 469 3812; x_wconf 78' lang='lat' dir='ltr'><em>Codicum</em></span> <span class='ocrx_word' id='word_1_272' title='bbox 482 3746 569 3810; x_wconf 88' lang='lat' dir='ltr'><em>Mss.</em></span> <span class='ocrx_word' id='word_1_273' title='bbox 580 3749 792 3826; x_wconf 84' lang='lat' dir='ltr'><em>Aristotelis,</em></span> <span class='ocrx_word' id='word_1_274' title='bbox 816 3750 1028 3825; x_wconf 77' lang='lat' dir='ltr'><em>editionum,</em></span> <span class='ocrx_word' id='word_1_275' title='bbox 1051 3757 1151 3832; x_wconf 86' lang='lat' dir='ltr'><em>atque</em></span> <span class='ocrx_word' id='word_1_276' title='bbox 1169 3750 1281 3815; x_wconf 86' lang='lat' dir='ltr'><em>inter·</em></span> 
     </span>
    </p>
   </div>
   <div class='ocr_carea' id='block_1_5' title="bbox 225 3834 1281 4268">
    <p class='ocr_par' dir='ltr' id='par_1_5' title="bbox 225 3834 1281 4268">
     <span class='ocr_line' id='line_1_39' title="bbox 256 3834 1281 3911; baseline 0.001 -13"><span class='ocrx_word' id='word_1_277' title='bbox 256 3846 370 3898; x_wconf 89' lang='lat' dir='ltr'><em>retum</em></span> <span class='ocrx_word' id='word_1_278' title='bbox 396 3834 626 3911; x_wconf 76' lang='lat' dir='ltr'><em>Graecorum,</em></span> <span class='ocrx_word' id='word_1_279' title='bbox 658 3837 896 3900; x_wconf 83' lang='lat' dir='ltr'><em>Arabicarum</em></span> <span class='ocrx_word' id='word_1_280' title='bbox 923 3850 956 3898; x_wconf 85' lang='lat' dir='ltr'><em>ct</em></span> <span class='ocrx_word' id='word_1_281' title='bbox 981 3837 1198 3900; x_wconf 50' lang='lat' dir='ltr'><em>[aretinorum</em></span> <span class='ocrx_word' id='word_1_282' title='bbox 1221 3858 1281 3899; x_wconf 84' lang='lat' dir='ltr'><em>co·</em></span> 
     </span>
     <span class='ocr_line' id='line_1_40' title="bbox 225 3855 1281 4007; baseline 0.003 -22"><span class='ocrx_word' id='word_1_283' title='bbox 225 3855 341 3985; x_wconf 73' lang='lat' dir='ltr'><em>hortis</em></span> <span class='ocrx_word' id='word_1_284' title='bbox 354 3943 492 3983; x_wconf 85' lang='lat' dir='ltr'><em>censum</em></span> <span class='ocrx_word' id='word_1_285' title='bbox 508 3921 561 3982; x_wconf 84' lang='lat' dir='ltr'><em>vel</em></span> <span class='ocrx_word' id='word_1_286' title='bbox 579 3922 691 4004; x_wconf 80' lang='lat' dir='ltr'><em>potins</em></span> <span class='ocrx_word' id='word_1_287' title='bbox 710 3922 877 3985; x_wconf 86' lang='lat' dir='ltr'><em>delectum</em></span> <span class='ocrx_word' id='word_1_288' title='bbox 896 3922 1049 4007; x_wconf 85' lang='lat' dir='ltr'><em>diligenti</em></span> <span class='ocrx_word' id='word_1_289' title='bbox 1070 3925 1182 3985; x_wconf 89' lang='lat' dir='ltr'><em>studio</em></span> <span class='ocrx_word' id='word_1_290' title='bbox 1195 3945 1281 3988; x_wconf 88' lang='lat' dir='ltr'><em>con-</em></span> 
     </span>
     <span class='ocr_line' id='line_1_41' title="bbox 230 4007 1279 4096; baseline 0.003 -24"><span class='ocrx_word' id='word_1_291' title='bbox 230 4007 310 4072; x_wconf 87' lang='lat' dir='ltr'><em>fecit</em></span> <span class='ocrx_word' id='word_1_292' title='bbox 332 4008 481 4072; x_wconf 84' lang='lat' dir='ltr'><em>Buhlius</em></span> <span class='ocrx_word' id='word_1_293' title='bbox 497 4007 530 4069; x_wconf 88' lang='lat' dir='ltr'><em>in</em></span> <span class='ocrx_word' id='word_1_294' title='bbox 551 4008 706 4071; x_wconf 83' lang='lat' dir='ltr'><em>editionis</em></span> <span class='ocrx_word' id='word_1_295' title='bbox 726 4032 806 4072; x_wconf 77' lang='lat' dir='ltr'><em>stiae</em></span> <span class='ocrx_word' id='word_1_296' title='bbox 824 4030 968 4096; x_wconf 85' lang='lat' dir='ltr'><em>operum</em></span> <span class='ocrx_word' id='word_1_297' title='bbox 981 4010 1279 4075; x_wconf 85' lang='lat' dir='ltr'><em>Aristotelicorum</em></span> 
     </span>
     <span class='ocr_line' id='line_1_42' title="bbox 233 4095 1279 4186; baseline 0.001 -26"><span class='ocrx_word' id='word_1_298' title='bbox 233 4095 350 4160; x_wconf 81' lang='lat' dir='ltr'><em>Voti.</em></span> <span class='ocrx_word' id='word_1_299' title='bbox 374 4118 407 4182; x_wconf 90' lang='lat' dir='ltr'><em>p.</em></span> <span class='ocrx_word' id='word_1_300' title='bbox 431 4095 584 4160; x_wconf 69' lang='lat' dir='ltr'><em>ras-358.</em></span> <span class='ocrx_word' id='word_1_301' title='bbox 634 4096 848 4160; x_wconf 83' lang='lat' dir='ltr'><em>Graecorum</em></span> <span class='ocrx_word' id='word_1_302' title='bbox 872 4096 1009 4181; x_wconf 88' lang='lat' dir='ltr'><em>quidem</em></span> <span class='ocrx_word' id='word_1_303' title='bbox 1032 4098 1279 4186; x_wconf 81' lang='lat' dir='ltr'><em>interpretum,</em></span> 
     </span>
     <span class='ocr_line' id='line_1_43' title="bbox 233 4182 1279 4268; baseline 0.004 -24"><span class='ocrx_word' id='word_1_304' title='bbox 233 4202 379 4268; x_wconf 86' lang='lat' dir='ltr'><em>quorum</em></span> <span class='ocrx_word' id='word_1_305' title='bbox 411 4182 447 4246; x_wconf 90' lang='lat' dir='ltr'><em>in</em></span> <span class='ocrx_word' id='word_1_306' title='bbox 478 4182 706 4247; x_wconf 83' lang='lat' dir='ltr'><em>Aristotelem</em></span> <span class='ocrx_word' id='word_1_307' title='bbox 734 4185 982 4247; x_wconf 86' lang='lat' dir='ltr'><em>commentarii</em></span> <span class='ocrx_word' id='word_1_308' title='bbox 1009 4206 1162 4252; x_wconf 86' lang='lat' dir='ltr'><em>scorsum</em></span> <span class='ocrx_word' id='word_1_309' title='bbox 1188 4185 1279 4251; x_wconf 78' lang='lat' dir='ltr'><em>editi</em></span> 
     </span>
    </p>
   </div>
   <div class='ocr_carea' id='block_1_6' title="bbox 0 0 1479 4875">
    <p class='ocr_par' dir='ltr' id='par_1_6' title="bbox 0 0 1479 4875">
     <span class='ocr_line' id='line_1_44' title="bbox 0 0 1479 4875; baseline 0 0"><span class='ocrx_word' id='word_1_310' title='bbox 0 0 1479 4875; x_wconf 95' lang='lat' dir='ltr'><em> </em></span> 
     </span>
    </p>
   </div>
  </div>
 </body>
</html>
