2942 4875
205 342 225 407 s
426 358 724 410 arrraaaaun
757 355 1043 411 enascantur:

203 535 284 581 rum
312 535 411 582 veros
437 529 612 595 auctores,
646 538 781 608 summa
816 518 1030 583 observantia
1063 518 1251 603 coluerint3

203 624 267 665 our
290 606 497 681 carminum,
523 617 660 682 cantus,
683 606 851 682 musices,
874 606 1060 669 saltationis
1085 630 1163 670 usus
1192 610 1248 671 in-

202 698 256 753 ter
275 691 452 775 praecipua
470 691 612 755 loetitiae
634 692 790 779 publicae
812 702 846 754 et
891 693 1019 756 rivatae
1035 700 1249 757 instrumen-

201 786 253 854 ta,
295 790 370 841 tum
414 779 450 842 in
468 800 661 854 sacrorum,
694 779 827 842 dierum
860 715 1041 854 ihstorum,
1076 781 1249 859 ludorum,

203 878 439 929 conventuum
473 865 691 952 publicorum
721 863 963 952 (πανηγύρεων)
1007 867 1248 947 celebratione,

203 959 279 1014 tum
309 953 345 1014 in
369 952 480 1039 epulis
510 962 544 1015 et
569 951 733 1016 conviviis
759 951 850 1039 apud
872 951 1020 1016 Graecos
1040 955 1170 1018 tamdiu
1193 962 1251 1019 in-

200 1037 365 1116 valuerit3
388 1061 449 1104 cur
466 1040 605 1126 puerilis
625 1038 771 1123 denique
795 1035 1007 1102 Graecorum
1029 1041 1200 1104 institutio
1218 1051 1253 1104 et

202 1123 381 1212 disciplina
402 1149 421 1189 a
473 1128 544 1189 oiisi
567 1125 775 1189 carminibus
801 1147 842 1187 ue
866 1129 1163 1209 praestantissimis
1187 1129 1250 1192 de-

203 1214 396 1288 cantandis,
421 1149 626 1286 ediscendis,
641 1149 848 1284 lectitandis,
867 1213 1146 1298 interpretandis,
1167 1214 1251 1278 nul-

202 1296 238 1363 lo
264 1320 332 1362 non
350 1310 507 1386 tempore
529 1298 684 1387 profecta
709 1302 769 1374 sit,
803 1296 951 1383 artisque
972 1301 1144 1374 musicae,
1168 1323 1248 1366 cum

203 1385 300 1471 po'e‘si
318 1395 351 1448 et
374 1396 474 1449 cantu
493 1397 584 1450 arcte
607 1385 795 1472 copulatae,
812 1405 940 1448 nomen
958 1395 991 1450 et
1013 1386 1165 1451 studium
1175 1388 1251 1453 ani-

202 1473 418 1557 mipingenui
438 1472 569 1537 cultum
595 1471 664 1537 fere
686 1472 903 1558 continuerit

237 1644 353 1701 Horatii
372 1647 424 1713 Ep.
442 1647 475 1699 ad
494 1647 609 1701 Pisones
628 1646 757 1716 hat-407.
788 1646 925 1716 Heynius
942 1645 1100 1700 deelficaci
1117 1646 1152 1700 ad
1169 1648 1253 1701 disci·

290 1715 394 1783 plinam
416 1719 554 1781 publicam
565 1717 760 1786 privatamque
771 1715 1024 1768 vetustissimorum
1044 1725 1188 1783 poetarum
1202 1721 1251 1770 do·

287 1785 398 1846 ctrina,
418 1788 446 1837 in
466 1785 491 1836 Ο
514 1803 569 1837 asc.
591 1787 717 1836 academ.
742 1784 775 1835 Τ.
786 1783 807 1833 Ῑ.
824 1802 851 1852 p.
868 1783 955 1835 roa·
966 1784 1012 1835 De
1024 1783 1118 1836 Pauw
1129 1786 1250 1838 Recber·

290 1851 356 1903 ebes
371 1854 470 1905 surles
510 1854 645 1905 recsVol.
663 1853 699 1904 ll.
717 1872 743 1922 p.
757 1868 844 1905 iao-
863 1852 993 1904 Cornelii
1007 1853 1163 1906 AnneDen
1177 1855 1249 1919 Ter,

288 1920 502 1989 l'ilburgeasis,
527 1921 689 1989 Disputatio
711 1924 747 1973 de
759 1921 788 1972 vi
807 1919 929 1971 Musices
947 1921 985 1990 adv
1002 1922 1183 1975 excolendum
1202 1924 1252 1975 ho·

289 1990 394 2043 minem
416 1988 591 2045 esculentia
609 1990 744 2046 Platonis.
765 1987 1019 2043 trinitatatem
1044 1989 1118 2045 2816.
1137 1991 1163 2043 8.

675 2161 701 2253 a.
729 2181 779 2224 ιι.

267 2337 387 2416 Quum
405 2335 557 2401 carmina
570 2336 655 2402 haec
672 2334 927 2419 antiquissima,
950 2334 1016 2400 soli
1036 2334 1159 2422 quippe
1176 2358 1250 2402 me-

202 2425 338 2491 morias
361 2425 500 2503 tradita,
533 2422 665 2490 dudum
694 2424 889 2512 periissent:
922 2422 1012 2488 fama
1044 2434 1158 2487 tamen
1191 2447 1251 2488 su-

201 2523 331 2599 perstes
367 2524 484 2577 vatum
522 2512 770 2576 nonnullorum
803 2518 959 2588 nomina,
1002 2512 1106 2596 gratis
1147 2512 1251 2575 etiam

201 2599 348 2685 posteris
369 2601 593 2674 sanctissima,
623 2598 786 2675 servavit,
819 2597 940 2684 quibus
972 2603 1166 2661 carminum
1191 2620 1251 2662 ve·
1301 2620 1308 2635 ·

200 2686 385 2748 tustiotum
416 2686 595 2772 reliquias,
626 2706 711 2772 quae
736 2697 877 2749 auctore
900 2689 1018 2769 ignoto
1041 2684 1250 2762 ferebantur,

205 2773 413 2835 auctoritatis
437 2773 661 2838 adstruendae
686 2794 801 2848 causa,
824 2770 891 2834 fide
918 2780 977 2832 aut
992 2771 1085 2834 nulla
1106 2782 1164 2834 aut
1187 2772 1250 2834 ad-

201 2859 346 2924 modum
369 2860 517 2935 incerta,
551 2859 782 2946 antiquiorum
800 2872 998 2944 temporum
1020 2855 1159 2943 duplata
1185 2858 1251 2920 tri-

204 2945 308 3008 buere
335 2943 425 3008 haud
450 2945 626 3011 dubitavit
684 2944 723 3008 In
749 2945 801 3007 his
830 2944 1009 3030 praecipue
1033 2943 1251 3008 memorandi

129 3034 133 3043 ’
201 3040 282 3095 sunt
294 3031 488 3119 Eumolpus
501 3034 760 3098 Eleusiniorum
773 3052 948 3094 sacrorum
960 3029 1106 3093 creditus
1119 3042 1250 3111 auctor,

200 3117 443 3195 Philammon,
470 3118 671 3206 Thamyris,
694 3118 827 3197 Linus,
855 3115 1030 3206 Orpheus,
1064 3116 1247 3196 Musaeus,

148 3216 152 3225 “
200 3224 221 3267 e
245 3203 384 3268 Plerum
412 3206 478 3269 orti
504 3206 658 3270 [thracia
674 3216 771 3290 gente
795 3204 997 3281 clarissima,
1024 3203 1067 3266 ad
1103 3201 1246 3292 Olympi

202 3288 400 3354 Thessaliae
438 3300 564 3355 montis
604 3291 732 3355 radices
769 3292 962 3367 habitante,
995 3290 1079 3366 cui„
1100 3302 1140 3352 ut
1168 3291 1243 3352 aliis

198 3378 375 3441 nonnullis
401 3377 572 3442 Thraciae
594 3378 752 3466 populis,
781 3400 843 3464 per
861 3376 1093 3451 Thessaliam,
1117 3374 1245 3440 Phoci-

202 3464 297 3537 dem,
327 3463 521 3542 Boeotiam,
548 3466 718 3542 Atticam,
755 3464 855 3528 latius
880 3475 964 3526 tunc
989 3461 1133 3551 sparsis,
1157 3463 1248 3525 anti·

171 3616 178 3631 ‚
201 3551 398 3637 quissimae,
420 3552 454 3614 id
477 3564 543 3628 est,
565 3574 686 3618 sacrae
697 3553 836 3637 poeseos
848 3548 999 3614 Graecae
1012 3551 1123 3625 initia,
1146 3571 1246 3613 com·

199 3638 299 3701 muni
317 3640 491 3702 vetustatis
523 3638 631 3715 lama,
666 3648 802 3725 accepta
832 3636 999 3700 feruntur.
1045 3635 1103 3702 Ab
1123 3637 1246 3700 iisdem

199 3724 333 3791 vatibus
355 3724 495 3812 mythos
523 3726 563 3789 de
589 3725 755 3813 Olympo,
782 3726 948 3799 Deorum,
966 3723 1059 3799 sede,
1097 3743 1135 3785 ac
1156 3724 1248 3787 Mu-

198 3833 336 3885 sarum,
357 3834 442 3898 quae
462 3812 542 3875 hinc
565 3811 723 3875 Pierides
740 3813 837 3875 toties
859 3821 1026 3875 vocantur
1041 3810 1166 3895 po'e'tis,
1190 3833 1247 3874 re-

199 3896 350 3981 ligiones
375 3908 407 3960 et
426 3923 545 3975 sacra,
579 3919 663 3983 quae
691 3899 804 3987 primi
829 3899 1043 3962 instaurasse
1072 3896 1245 3971 videntur,

200 3982 392 4066 repetenda.
438 3985 594 4075 (Hesiod.
618 3985 755 4071 Theog.
776 3984 827 4049 53.
844 3985 966 4047 Strabo
989 3981 1051 4047 IX.
1073 4005 1105 4070 p.
1115 3986 1180 4071 409
1192 4002 1244 4066 sq.

200 4067 252 4135 X.
263 4074 301 4158 p.
311 4073 371 4158 471
394 4071 450 4158 Β.)
473 4071 612 4141 Praeter
632 4092 716 4162 quos
729 4070 901 4140 veteribus
922 4091 1023 4161 saepe
1046 4069 1246 4137 collaudan-
