2942 4875
219 437 261 506 82
363 467 366 472 ,
431 447 613 498 amenas.
635 445 840 498 susoraas.
864 449 967 498 ataui
989 452 1068 500 uss.

692 604 718 695 l.
741 604 794 670 52.

286 779 474 849 Librorum
500 765 604 864 igitur
632 798 714 841 mss.
746 777 805 864 qui
837 776 945 841 dictas
968 778 1114 865 fabulas
1137 781 1272 870 Aesopi

221 871 276 938 vel
305 873 417 957 potius
446 869 624 954 Aesopeos
651 866 848 941 continent,
881 865 940 928 alii
970 868 1046 930 aliis
1074 867 1267 954 pleniores,

221 959 401 1048 praecipui
418 964 517 1017 saint:
545 974 570 1014 1.
585 950 708 1016 Codex
728 950 825 1016 Boni
836 953 1015 1026 Accursii,
1039 955 1141 1037 primi
1155 956 1269 1019 edito-

220 1052 287 1122 n's,
319 1045 377 1129 qni
406 1040 539 1107 tabulas
561 1038 749 1126 Aesopicas
774 1042 845 1126 149.
880 1062 899 1101 a
917 1039 1082 1104 lllas'imo
1106 1041 1267 1108 Piaaude

224 1132 383 1197 collectas
405 1128 648 1211 vulgatasque,
665 1146 733 1188 una
753 1146 832 1186 cum
855 1126 923 1189 vita
945 1127 1077 1212 Aesopi
1094 1128 1266 1194 Planudea

222 1221 377 1299 primum
389 1252 394 1260 ·
405 1233 525 1300 graece
543 1218 580 1275 iu
597 1211 710 1276 lucem
730 1212 842 1275 emisit
857 1212 1048 1276 Mediolani
1076 1216 1158 1298 ¹453
1181 1238 1268 1301 qua-

150 1323 155 1332 '
220 1307 346 1382 ternis3
380 1323 468 1389 quac
489 1299 646 1361 collectio
672 1300 829 1362 omnium
854 1299 1081 1382 vulgatissima
1109 1301 1264 1367 abAtdo

221 1391 393 1459 dilaniatio
417 1387 572 1450 Venetiis
595 1383 676 1447 1505
692 1405 813 1469 graece
842 1396 876 1447 et
891 1385 1012 1464 latine,
1036 1385 1149 1450 forma
1169 1411 1264 1452 max.

220 1490 296 1542 turn
322 1476 414 1540 alo.
434 1474 612 1539 Frobenia
638 1470 739 1534 Basil.
756 1471 860 1548 1518.
884 1472 914 1534 8.
939 1471 1080 1558 aliisque
1102 1475 1264 1562 deinceps

218 1566 346 1631 iterum
363 1563 454 1651 typis
473 1580 633 1645 expressa
649 1567 710 1622 est.
722 1595 764 1608 -
788 1579 820 1622 2.
832 1556 952 1623 Codex
969 1557 1055 1644 aeg.
1069 1559 1265 1640 Parisinus,

220 1676 290 1739 qno
311 1656 393 1714 usas
405 1648 580 1714 liebertus
602 1644 817 1733 Stephanus,
841 1645 985 1710 Henrici
1000 1657 1114 1733 pater,
1138 1669 1266 1711 noram

219 1737 313 1806 labb.
333 1736 464 1821 Aesop.
494 1733 697 1806 editionem,
727 1731 782 1795 ad¹
796 1730 897 1794 huius
926 1734 1054 1796 codicis
1077 1733 1181 1799 fidem
1202 1736 1265 1799 de-

219 1849 291 1891 nuo
313 1823 548 1897 emendatam,
582 1832 616 1882 et
635 1814 710 1882 XX
734 1816 829 1881 novis
852 1816 978 1883 fabulis
1003 1831 1154 1898 stactam,
1185 1822 1264 1886 vul-

220 1913 312 1998 gavit
325 1909 460 1975 Parisiis
473 1911 553 1972 1546
565 1904 749 1993 quaternis.
760 1941 804 1956 —-
825 1904 855 1968 3.
866 1906 1029 1994 Quinque
1040 1910 1174 1972 codices
1192 1909 1265 1974 Pa-

217 1998 328 2066 latini
347 1994 389 2059 ab
422 1997 469 2059 la.
492 1993 575 2059 Nic.
604 1990 771 2056 Neveleto
790 1994 942 2065 exclusi,
967 1995 1025 2076 qui
1045 1989 1264 2060 francofurti

222 2093 307 2150 abitt
328 2095 362 2145 et
383 2083 465 2146 1660
480 2080 614 2145 octonis
639 2075 747 2139 edidit
767 2074 894 2162 librum
922 2079 988 2143 hoc
1014 2080 1149 2148 indice:
1179 2084 1262 2160 Mr-

220 2170 381 2257 tholegia
403 2168 580 2256 Aesopica
604 2171 727 2247 inqua
750 2161 883 2249 Aesopi
904 2161 1037 2230 fabulae
1059 2156 1265 2251 graecolali-

217 2281 281 2323 nae
303 2276 386 2343 297,
410 2274 556 2340 quarum
579 2249 638 2318 136
659 2251 810 2336 (coarige
835 2251 910 2340 148)
939 2274 956 2317 e
982 2255 1080 2317 codd.
1102 2256 1264 2321 Palatinis

219 2345 407 2430 descriptae
456 2343 581 2405 rimam
600 2336 771 2427 prodeunt
799 2349 862 2400 etc.
881 2359 983 2423 opera
1002 2343 1166 2426 etstudio
1178 2341 1204 2405 l.
1217 2344 1263 2407 N.

219 2435 308 2498 Nev.
320 2469 363 2485 «-
379 2440 408 2496 4.
423 2365 541 2493 Eodex
557 2425 797 2501 Bodleianus,
810 2448 855 2488 ex
872 2448 939 2512 quo
951 2430 1184 2513 sagacissimus
1198 2429 1264 2495 Ta

224 2519 441 2608 Tyrwliiltus
468 2514 600 2601 aliquot
620 2511 752 2577 fabulas
775 2516 949 2599 Aesopeas
968 2538 1145 2601 nunqnam
1166 2531 1264 2582 ante·

219 2606 284 2671 hac
316 2604 423 2667 editas
442 2601 588 2667 inseruit
614 2599 845 2664 dissertationi
873 2622 953 2665 suae
978 2624 1081 2690 snpra
1108 2604 1263 2671 laudatae
1306 2672 1313 2685 ,

9 2674 10 2747 l
118 2712 121 2717 “
218 2686 984 2778 deBabrio,fabular.Aesopear.scr1ptare
1000 2690 1309 2775 Londini17.76.'

218 2779 335 2847 timei.
354 2796 426 2840 rec.
444 2774 487 2840 ab
507 2776 666 2840 Harlesio
683 2774 824 2859 Erlaug.
848 2776 939 2863 1785.
963 2775 994 2838 8.
1015 2817 1058 2827 -
1090 2786 1118 2843 5.
1140 2778 1263 2843 Codex

222 2863 423 2930 Casinenaia
448 2861 611 2927 abbatiae
634 2862 671 2926 F
670 2862 864 2926 larentinae
887 2874 919 2925 et
935 2862 1033 2927 codd.
1056 2864 1261 2930 Vaticanis

218 2951 341 3040 quibus
359 2972 468 3035 nuper
488 2947 701 3014 Franciscua
714 2946 757 3011 de
768 2948 883 3012 Furia
898 2948 1028 3037 Aesopi
1046 2948 1264 3015 fabulasedi-

217 3042 268 3103 dit
282 3038 330 3101 ita
347 3036 547 3122 inscriptas:
569 3030 798 3101 ΑΙΣΩΠΟΥ
817 3034 983 3102 ΜΥΘΟΙ.
1007 3036 1170 3103 Fabulae
1188 3041 1264 3104 Aa·

214 3126 337 3214 sapiae
361 3122 480 3271 quales
503 3132 587 3187 ante
606 3122 803 3187 Plaaudem
820 3118 1038 3211 serebantur‘
1061 3144 1104 3187 ex
1130 3134 1263 3190 vetusto

10 3224 11 3255 ³
108 3283 114 3295 ,
217 3211 293 3277 cod.
320 3210 362 3273 ab
377 3212 472 3273 ‘auae
505 3210 654 3275 Floreat.
687 3231 782 3272 nunc
814 3214 966 3294 primum
991 3221 1127 3291 erutae,
1156 3213 1263 3279 latina

216 3321 306 3367 vers.
326 3298 482 3383 notisque
495 3306 693 3363 exoanatae.
716 3296 800 3359 Pars
813 3295 838 3359 Ι.
855 3294 898 3360 ll.
913 3296 1104 3362 florentiae
1125 3300 1218 3386 1809.
1227 3303 1261 3367 8.

239 3406 303 3448 nae
329 3381 530 3448 Florentiae
552 3384 679 3460 aditio,
703 3383 762 3448 sad
782 3385 877 3448 novis
895 3384 1133 3449 additamentis
1150 3398 1260 3468 aucta,

216 3409 330 3537 denuo
349 3473 559 3559 repetita‘est
577 3471 734 3554 Lipsiae,
758 3478 899 3536 curante
923 3471 966 3536 G.
985 3473 1037 3537 Η.
1058 3471 1260 3560 Sclzacsero,

219 3561 314 3625 1810.
335 3560 367 3624 8.
397 3558 586 3644 eodemque
612 3576 702 3621 anno
732 3560 765 3620 e't
795 3557 872 3622 loco
899 3562 1025 3623 iterum
1052 3562 1089 3625 in
1111 3560 1260 3626 scholar.

215 3668 317 3711 usum
338 3644 405 3710 hoc
431 3646 561 3711 indice:
595 3642 640 3708 A.
662 3643 713 3709 Μ.
731 3643 879 3709 Fabulae
894 3646 1086 3734 Aesopicae
1105 3669 1124 3709 a
1141 3648 1166 3711 F
1169 3673 1195 3712 r.
1217 3648 1259 3711 da

215 3735 241 3801 F
245 3736 318 3798 uria
337 3742 414 3797 tum
433 3735 584 3819 primum
602 3754 620 3795 e
636 3732 735 3796 codd.
756 3732 880 3812 editae,
906 3747 980 3798 tum
999 3734 1135 3799 aliunde
1150 3735 1261 3799 colle-

216 3833 301 3887 ctae.
345 3821 455 3889 Notas
478 3821 612 3885 criticas
633 3826 667 3884 et
687 3820 837 3883 iudicem
855 3827 994 3907 graecit.
1021 3822 1144 3885 adiecit
1174 3822 1256 3886 Car.

216 3909 262 3976 Ε.
281 3906 363 3972 Otr.
389 3907 578 3972 Schneider
588 3907 684 3992 Lipa.
713 3916 806 3973 1810.
830 3909 859 3972 8.
875 3948 917 3960 -
940 3909 971 3972 li.
989 3909 1109 3972 Codex
1129 3910 1167 3972 A
1216 3932 1261 3973 u-

215 4006 358 4073 stauua,
380 3994 440 4060 231
465 3993 597 4058 fabulas
615 3994 817 4073 continens,
844 3991 885 4060 ab
902 3996 1086 4060 Husclakio
1108 3997 1156 4081 (in
1201 3998 1260 4060 iss.

216 4082 259 4145 de
279 4080 370 4151 fabb.
392 4080 615 4167 Archilochi)
635 4080 838 4168 descriptus,
857 4082 1091 4146 ceterisditior
1115 4093 1258 4169 etpraea

217 4168 378 4251 annuos,
417 4170 497 4259 quia
532 4169 701 4239 maiorem
725 4166 798 4240 fere
826 4168 955 4257 ubique
989 4181 1023 4233 et
1042 4171 1259 4241 inventionis.
