2942 4875
249 425 255 434 .
325 379 530 446 Arrrsuvs.
562 377 734 445 Mauuou
758 379 1016 448 Hsaieaaors
1151 382 1194 465 pt

144 556 225 599 vero
249 534 316 600 fait
336 534 426 599 ullos
453 553 618 619 umquam
640 535 852 612 ilistoricus,
885 529 945 621 qdi
962 531 1100 598 nullum
1126 531 1195 596 nisi

145 624 294 687 excitato
318 632 400 685 teste
421 620 550 685 laetam
570 622 740 709 proderet.
786 621 908 709 Neque
928 621 1031 685 etism
1052 620 1115 684 ista
1135 639 1197 684 re·

146 708 229 795 ligio
251 707 452 797 postulanda
473 719 545 772 erat
564 708 622 772 illa
641 718 748 773 aetate
768 710 804 772 iu
817 704 1072 774 conscribendis
1094 701 1196 770 ribus

145 795 355 864 Romiuime
374 796 440 859 illis
452 792 612 859 abstrusis
628 806 661 858 et
672 796 875 875 reconditis,
898 794 957 864 sed
976 794 1020 858 ad
1035 811 1113 857 eum
1125 792 1197 857 iam

141 884 289 972 *modum
311 880 550 968 frequentetis,
574 892 611 945 ut
627 883 806 946 scribentis
826 891 885 948 aut
902 902 1000 946 error
1021 887 1079 943 aut
1100 876 1196 945 fratta

146 967 247 1032 facile
270 975 394 1048 teneri,
425 990 463 1031 ac
481 966 684 1056 reprehendi
711 979 836 1057 posset.
853 1008 896 1024 -
917 967 1089 1034 sNarratio
1114 985 1201 1053 per-

145 1058 261 1139 spicua
281 1065 331 1119 est
352 1067 393 1118 et»
406 1054 533 1134 brevis,
561 1076 698 1144 semper
717 1058 847 1121 intenta
872 1055 1064 1143 proposito,
1086 1061 1120 1117 et
1140 1072 1195 1118 ret

146 1151 255 1227 gestas
285 1162 509 1229 persequens,
539 1161 617 1206 raro
645 1153 704 1207 aut
732 1162 921 1227 numquam
952 1140 1123 1206 divertens
1153 1138 1198 1206 ad

147 1239 325 1314 praecepta
346 1228 539 1306 doctrinae,
567 1228 770 1304 sententias,
802 1227 1073 1291 observationem
1096 1228 1198 1312 inger

148 1317 303 1392 niorum,
316 1334 469 1392 morum,
492 1314 624 1397 legum,
646 1316 937 1380 institutorum.-
948 1314 986 1377 ln
998 1323 1197 1399 temporum

147 1402 325 1486 notatione
338 1423 376 1464 so
388 1401 617 1486 descriptione
635 1401 739 1465 locor.
758 1397 956 1486 infrequens
970 1409 1021 1462 est
1036 1402 1197 1485 etpauois

147 1487 360 1573 defungitur.
393 1487 445 1551 De
457 1485 517 1549 illo
531 1487 604 1573 ipse
621 1484 748 1551 fatetur
768 1488 806 1551 in
819 1486 1018 1552 Prooemios
1041 1493 1199 1572 tempora

147 1574 275 1660 ubique
298 1586 417 1637 notare
440 1593 733 1658 supervacaneum
755 1593 791 1637 se
809 1573 997 1650 indicasse,
1029 1571 1137 1657 igitur
1158 1591 1198 1640 aa
1294 1617 1298 1623 ι

148 1681 220 1725 uon
244 1660 307 1736 nisi
329 1658 580 1744 perintervalla
603 1659 640 1726 in
656 1658 901 1728 illustrioribus
922 1656 1024 1724 rebus
1052 1667 1198 1725 nataae.

148 1743 269 1809 Oratio
291 1756 359 1822 est,
383 1767 489 1835 quum
510 1747 547 1810 in
563 1746 705 1833 singulis
727 1745 838 1813 verbis
862 1756 936 1811 tum
966 1745 1003 1810 ia
1022 1744 1199 1833 composi·

148 1834 258 1908 tione,
281 1832 446 1920 simplex,
471 1833 668 1918 perspicua,
691 1833 775 1898 bens
798 1830 947 1911 Graeco,
968 1830 1104 1917 elegans
1123 1831 1199 1895 siaa

148 1917 386 1995 affectatione,
423 1917 463 1981 ad
490 1919 652 1984 Veterum
680 1921 848 1984 rationem
880 1916 1118 1999 conformatae
1150 1916 1198 1981 ita

121 2051 125 2058 ,
148 2015 262 2068 tamen
274 2013 313 2069 ut
327 2005 434 2089 magis
446 2026 527 2068 suus
539 2027 641 2092 quam
653 2006 782 2071 alienus
793 2006 853 2085 sit,
875 2026 938 2070 neo
949 2004 1076 2070 imitari
1091 2002 1199 2070 soleat

144 2091 213 2154 irisi
234 2088 322 2155 forte
345 2089 581 2171 Herodotum,
609 2114 680 2159 nou
703 2092 844 2180 quidem
866 2092 903 2156 in
925 2088 1001 2155 fuso
1035 2088 1211 2161 narrandi

149 2198 293 2264 genere,
328 2178 386 2239 sed
411 2178 446 2240 iu
464 2179 575 2242 verbis
594 2177 667 2245 fere
691 2190 726 2245 at
739 2178 876 2244 dicendi
896 2176 1102 2244 coloribuw

611 2349 638 2439 t.
667 2293 746 2417 13ss

216 2519 469 2609 interponimus
488 2519 542 2585 hic
556 2522 727 2589 histon'os
742 2521 943 2590 Heracleas
960 2520 1081 2600 Ponti,
1103 2517 1199 2589 urbis

149 2609 280 2709 patriae
310 2630 406 2688 suae,
433 2610 657 2695 eoriptorem,
691 2611 916 2676 Memnonem
944 2608 1198 2687 Heracleoten,

54 2698 60 2705 '
149 2706 298 2759 incertae
320 2697 457 2783 quidem
477 2698 592 2761 aetatis
612 2695 725 2777 illam,
749 2697 825 2775 sed,
848 2714 891 2760 ex
917 2692 1044 2765 Oraeiit'i
1063 2694 1199 2761 rollone

150 2784 228 2845 satis
250 2782 435 2871 probabili,
460 2783 628 2846 Hadriani
647 2783 698 2846 vel
712 2782 971 2848 Antoninorum
985 2779 1199 2867 temporibus

151 2870 208 2931 rix
229 2871 453 2958 superiorem.
478 2869 591 2933 liuius
610 2868 675 2936 viri
696 2870 914 2950 memoriam,
933 2874 1060 2955 pariter
1077 2887 1116 2935 ao
1130 2864 1200 2944 iusi

151 2958 266 3043 operia
289 2956 406 3043 paullo
437 2966 514 3019 auto
535 2955 678 3033 laudati,
710 2957 802 3041 quod
822 2956 975 3042 reliquit,
1007 2957 1200 3020 aocurotio·

118 3058 122 3067 ·
150 3064 224 3104 rem
247 3043 402 3106 notitiam
422 3044 482 3105 uui
494 3040 621 3108 Pontio
640 3044 822 3123 debemus,
845 3042 953 3132 quiin
968 3040 1198 3111 Bibliothecae

150 3149 231 3192 auae
251 3128 368 3192 codiee
393 3127 579 3193 CCXXlV
609 3151 651 3192 ex
673 3128 832 3195 historiae
853 3133 925 3193 eius
942 3127 1199 3197 Heracleoticae

99 3252 105 3275 t
151 3226 228 3278 octo
250 3212 360 3295 libris,
390 3215 470 3280 iude
489 3238 508 3279 a
524 3239 615 3281 nono
637 3237 743 3307 usque
764 3217 952 3293 aduineimi
972 3217 1062 3285 sexti
1080 3215 1199 3297 linem,

151 3300 267 3386 ampla
288 3312 322 3366 et
337 3303 459 3366 maiori
475 3303 664 3389 diligentia,
688 3325 788 3388 quom
807 3325 871 3391 qua
884 3304 920 3369 in
933 3300 1007 3372 aliis
1024 3303 1198 3390 plerisque

152 3386 348 3457 auctoribus
365 3399 523 3465 nearest,
546 3391 746 3454 concinnata
760 3390 936 3476 Excerpto
948 3389 1057 3467 dedit,
1079 3384 1198 3453 subfi-

107 3482 109 3488 ’
151 3495 232 3538 nem
258 3473 341 3539 hoec
366 3476 467 3540 verua
494 3476 669 3559 adiicienss
702 3471 762 3555 Εἰς
781 3479 916 3549 τοιοῦτο
937 3482 1000 3561 μὲν
1025 3476 1118 3552 τέλος
1138 3475 1198 3541 stol

151 3557 230 3664 ὅκκ’
252 3560 351 3648 λόγος
378 3564 437 3641 τῆς
464 3565 643 3648 Μέμνονος
675 3560 804 3648 inopiae
835 3563 982 3654 τελευτᾷ.
998 3605 1041 3619 -
1069 3560 1138 3639 Τὰς
1160 3561 1195 3626 tt
1279 3604 1282 3609 ·

111 3682 115 3695 ·
150 3670 286 3730 πρωτας
299 3646 328 3730 η’
341 3651 486 3736 iconiae,
508 3652 565 3716 sai
586 3648 648 3727 τὰς
665 3650 752 3735 μετὰ
769 3655 831 3733 τὴν
849 3653 946 3732 ἕκτην
963 3651 1021 3717 καὶ
1042 3647 1195 3727 δεκάτην,

148 3734 244 3800 οὔπω
256 3730 359 3802 εἰπεῖν
372 3733 418 3813 εἰς
427 3738 519 3803 θέαν
535 3734 630 3820 ἡμῶν
647 3734 838 3825 ἀφιγμένοις
854 3736 981 3824 ἔχομεν.
1001 3737 1059 3802 Ex
1073 3735 1196 3823 quibus

150 3822 265 3908 colligi
284 3833 406 3905 potest,
430 3845 535 3911 quum
557 3835 633 3909 octo
653 3829 782 3913 priores
799 3824 961 3890 historiae
978 3826 1195 3891 aMemnone

150 3912 362 3998 conscriptae
380 3909 501 3987 libros,
522 3921 594 3975 tom
607 3911 772 3997 reliquos,
796 3914 1195 3998 quisextumdeeimum,
1273 3936 1277 3940 Δ

149 4000 185 4057 in
208 3997 421 4084 temporibus
444 3996 521 4062 lolii
541 3997 692 4062 Caesaris
715 3999 943 4078 desinentem,
971 4009 1195 4089 exceperunt,

148 4092 182 4147 et
192 4079 368 4149 historiam
381 4085 567 4151 Heracleae
579 4106 687 4174 usque
699 4086 741 4150 ad
751 4088 926 4174 scriptoris
939 4098 1095 4177 tempora
1109 4110 1196 4155 con·

947 4192 988 4239 ro
