2942 4875
570 391 957 456 ,arnrauns
1254 374 1296 439 n

252 543 457 614 Archilochi
484 552 552 611 iarn
574 559 701 624 aetate,
724 551 868 636 ipsoque
893 557 1048 622 auctore,
1071 568 1141 609 non
1158 545 1199 609 ad
1219 545 1296 609 bel-

251 633 337 697 ]icos
367 646 499 698 tantum
529 657 609 697 usus
633 637 800 701 adhibitos
822 659 910 710 esse,
941 655 1060 699 verum
1080 635 1293 698 Mimnermo

253 729 288 780 et
307 720 414 801 magis
435 727 537 783 etiam
562 721 631 786 Ceo
651 724 819 787 Simonidi
850 733 1092 807 argumentum
1124 720 1295 796 carminis,

254 804 296 867 ab
316 804 367 867 his
387 806 748 873 duumvirismaxime
760 810 983 884 celebratum,
1007 805 1292 893 praeivisse-V.

231 891 457 956 Archilochi
502 893 847 985 Ionzdograplrorum
877 897 1049 983 principis
1088 893 1293 982 Reliquiae,

254 998 385 1061 quas-
397 1000 550 1042 seorsum
576 983 680 1046 edidit
702 984 866 1072 Ignotius
883 983 1007 1046 trehet
1017 1029 1026 1059 ,
1045 980 1181 1066 Lipsiae
1201 980 1293 1043 1812.

158 1105 161 1118 .
252 1063 283 1126 ὅ.
305 1063 420 1149 ibique
441 1065 465 1128 F
470 1089 514 1130 rr.
537 1066 862 1134 XLVIII—LVIII.

316 1150 502 1234 Aliquanto
524 1153 709 1239 integriora
739 1161 869 1218 serrata
900 1164 979 1217 sunt
1017 1153 1180 1240 Ίζινιοοὶς
1199 1169 1287 1215 vaer-

251 1259 392 1300 mouum
415 1237 596 1323 reliquiae,
616 1242 792 1326 elegorum
814 1252 924 1304 metro
948 1254 978 1304 et
999 1240 1142 1302 dialecto
1169 1238 1294 1303 Ionica

251 1324 475 1409 compositae,
510 1322 700 1406 (ὑποθῆκαι
719 1325 763 1394 δι’
781 1331 923 1418 ἐλςγιιος
939 1326 1049 1405 Suid.)
1075 1323 1196 1410 quibus
1217 1324 1294 1398 ille,

249 1408 443 1492 Spartanis,
483 1408 573 1473 bello
600 1415 772 1478 Messenio
809 1414 958 1476 seermdo
989 1423 1126 1489 exorto,
1160 1408 1291 1474 oraculi

248 1496 362 1570 iussu,
385 1495 426 1557 ab
440 1493 939 1563 Atheniensibusconsiliarius
959 1511 1059 1582 atque
1090 1497 1291 1560 administer

251 1580 370 1654 datus,
393 1583 608 1665 magistratus
632 1608 737 1672 aeque
762 1609 799 1648 ac
825 1588 951 1649 civium
975 1584 1228 1647 multitudinem
1247 1582 1291 1646 ad

250 1665 414 1730 virtutem
441 1669 611 1745 bellicam,
634 1673 674 1733 ad
692 1679 919 1735 constantiam
946 1673 979 1733 in
999 1670 1099 1734 rebus
1118 1668 1286 1745 adversis,

254 1754 411 1816 omnium
429 1757 662 1840 lcorrcordiam
691 1762 885 1846 patriaeque
915 1778 1067 1821 amorem
1093 1756 1292 1829 exhortatus

250 1859 324 1901 esse
345 1839 469 1903 dicitur
493 1864 523 1906 v.
546 1845 689 1909 Aristot.
712 1843 825 1910 Polit‘
841 1846 884 1908 v:
903 1867 931 1931 7.
953 1845 1096 1907 Pausan.
1118 1840 1178 1903 [V.
1195 1861 1223 1902 ο.
1238 1839 1288 1905 15.

248 1926 451 2011 p.509.1v.
475 1948 503 1991 e.
529 1935 576 1992 16.
600 1931 704 2030 p.512
726 1931 801 1995 Fue.
831 1935 979 1995 lustinus
1002 1929 1060 1992 lll.
1087 1929 1118 1992 5.
1131 1951 1149 1988 τ,
1162 1925 1287 1988 distin-

248 2012 404 2097 guendee
423 2012 727 2081 illaeaberusdem
749 2020 887 2102 po'e'tae,
919 2018 976 2102 qni
1011 2014 1198 2078 Pausaniae
1215 2010 1293 2074 lau-

252 2098 387 2175 dantur,
410 2099 555 2164 Derieis
574 2109 791 2192 anapaestis,
814 2111 885 2168 sive
898 2103 1058 2168 caricibus
1077 2099 1226 2174 bellicis,
1250 2099 1294 2161 ad

246 2183 350 2247 tibiae
378 2185 521 2270 duplicis
548 2211 650 2252 sonos
677 2192 877 2267 decantatis,
912 2201 949 2252 ut
976 2189 1101 2251 milites
1129 2188 1168 2250 in
1185 2207 1293 2272 proe-

247 2271 335 2334 lium
356 2284 517 2336 exeuntes
534 2276 720 2361 cupiditate
735 2277 910 2364 pugnandi
924 2275 1239 2349 inflammarentur,
1254 2292 1294 2333 ac

249 2356 352 2419 simul
375 2379 510 2442 gressus
530 2361 574 2423 ad
593 2362 683 2427 tibiis
706 2370 901 2427 currentium
925 2383 1086 2427 numeros
1101 2378 1293 2445 compone-

248 2457 342 2519 rent,
376 2445 469 2509 unde
492 2447 629 2512 eosdem
651 2452 667 2515 ἐ
691 2450 839 2537 siastique
872 2439 1071 2514 et'tvtntta
1094 2448 1203 2509 dictos
1221 2464 1294 2507 esse

250 2531 389 2615 colligas
407 2554 439 2596 v.
452 2530 579 2597 Athen.
599 2477 702 2613 Xlid.
726 2562 759 2625 p.
772 2540 836 2602 630
853 2539 886 2601 F.
911 2536 979 2600 Dio
996 2534 1174 2621 Chrysost.
1193 2528 1291 2595 Orat·

248 2618 291 2682 ll.
315 2617 410 2702 per.
434 2619 532 2696 Hos,
554 2634 687 2705 praeter
712 2648 820 2689 unum
842 2625 1090 2707 fragmentum,
1125 2619 1288 2694 aDiono,

247 2704 327 2768 loeo
358 2705 462 2768 modo
494 2722 763 2774 commemorato
794 2710 856 2796 (cf.
885 2711 1031 2772 'l'zetzae
1060 2704 1193 2769 Chitt.
1215 2704 1290 2793 26),

247 2799 439 2867 servatum,
460 2793 629 2857 interiisse
649 2808 798 2873 constat3
821 2798 979 2873 illarum,
1004 2794 1210 2877 elegiarum,
1232 2792 1290 2854 iu-

247 2900 367 2963 quam,
390 2890 461 2942 tres
483 2879 686 2966 integriores
706 2895 882 2947 servarunt
913 2876 1095 2969 Lycurgus
1120 2887 1237 2943 orator
1256 2887 1291 2940 et

247 2963 433 3041 Stobaens,
461 2989 536 3043 aex,
571 2969 724 3032 breviora
748 2983 879 3034 tautum
913 2968 1123 3051 fragmenta,
1158 2964 1292 3041 Strabo,

248 3051 432 3115 Pausanias
465 3065 498 3115 et
526 3053 740 3120 Plutarchus.
786 3058 883 3137 Quas
908 3056 1052 3140 'quidem
1077 3075 1121 3115 an
1150 3051 1291 3113 maioris

249 3136 426 3200 cuiusdam
459 3138 600 3223 elegiaci
630 3145 806 3220 carminis,
839 3146 984 3206 fortasse
1018 3137 1204 3222 Εὐνομίας,
1247 3134 1291 3199 ab

248 3224 433 3287 Aristotele
450 3224 551 3290 l’otit.
572 3228 616 3292 V.
639 3250 668 3315 7.
693 3242 726 3292 et
741 3229 908 3295 Strabone
919 3230 940 3293 l.
956 3225 1052 3292 Vlll.
1069 3221 1292 3312 p.557.Alm.

247 3310 420 3386 laudatae,
451 3322 564 3410 partes
582 3312 756 3379 habendae
783 3318 865 3391 sint,
899 3336 1004 3400 oeque
1034 3313 1204 3375 incertum
1232 3319 1292 3387 est,

250 3418 290 3460 ac
317 3396 466 3460 dubitari
487 3409 597 3483 potest
619 3402 660 3463 de
678 3403 779 3466 libris
799 3402 949 3487 quinque
965 3411 1130 3465 cantuum
1150 3398 1292 3461 bellico-

249 3506 328 3547 rum
349 3483 449 3569 (μέλη
478 3485 739 3573 πολεμιστήρια,
756 3489 873 3572 difflue
888 3485 927 3571 ε’)
942 3504 1042 3571 qnos,
1070 3493 1204 3568 praetor
1223 3481 1294 3545 ele·

249 3572 338 3654 gias,
362 3569 553 3653 Tyrtaeum
576 3572 753 3659 reliquisse
766 3574 866 3637 tradit
886 3573 1006 3635 Snidas
1028 3570 1090 3633 snb
1110 3591 1209 3646 voce,
1225 3569 1293 3632 nisi

249 3658 339 3721 forte
366 3658 588 3742 Anapaestos
613 3661 690 3723 illos
714 3661 783 3722 hoo
802 3658 901 3722 titulo
930 3656 1115 3743 significari
1134 3657 1293 3719 coniece-

248 3745 307 3805 ris.
365 3742 525 3806 Ceterum
557 3744 677 3811 floruit
697 3747 868 3833 Tyrtaeus
900 3746 986 3808 circa
1015 3743 1070 3806 (ll.
1096 3741 1236 3806 XXlV.
1261 3764 1291 3806 a.

250 3828 314 3893 Ch.
334 3830 407 3895 684.
442 3831 534 3915 quod
563 3844 615 3895 est
634 3844 766 3916 tempus
792 3834 867 3896 belli
888 3832 1051 3895 Messenii
1073 3829 1130 3907 ll,
1156 3829 1290 3893 dissen-

246 3924 353 3980 tiente
380 3926 495 3980 ‘tamen
511 3916 660 3984 Eusebio
693 3929 727 3983 et
747 3921 855 4004 'l‘rogi
874 3921 1110 4004 opitotnatore.
1135 3917 1289 3986 Atteni-

249 4028 384 4081 ensem,
428 4025 501 4068 non
525 4005 716 4083 Milesium,
752 4006 879 4080 luisse,
914 4017 1034 4067 auctor
1070 4005 1212 4067 idoneus
1242 4012 1293 4065 est

249 4091 348 4157 Plato
358 4093 466 4179 Legg.
483 4091 509 4158 1.
519 4092 642 4182 o'29A.
663 4090 744 4157 Atia
763 4095 805 4157 da
824 4093 954 4156 eximio
975 4092 1042 4156 hoc
1060 4094 1161 4181 potito
1172 4089 1292 4177 μυθο-
