2942 4875
224 479 268 549 68
325 460 329 466 ’
457 489 610 542 uraris.
634 491 814 541 conixus.
838 492 1038 544 russiana

224 675 365 722 carmen
388 672 551 718 versuum
568 662 821 728 trecentorum,
843 653 957 736 μέλη
978 663 1011 714 et
1032 652 1276 740 epigramma-

225 758 392 828 tuaeque
417 739 649 816 celebrantur,
684 761 722 803 ac
747 761 840 803 mers
864 747 1079 823 praematura
1098 739 1134 802 in
1161 740 1275 827 pluri-

223 834 288 897 bus
312 828 566 917 epigrammatis
589 823 822 911 Authologiae
845 824 908 891 Gr.
932 824 1078 910 lugetur.
1110 826 1154 890 V.
1172 827 1276 891 We!-

225 916 415 987 ckerusDe
431 914 561 978 lirinna
584 923 618 976 et
633 911 786 978 Corinna
803 913 945 999 po'e'triis
965 913 1001 975 in
1014 910 1177 977 Creuzeri
1196 914 1277 977 Me-

223 1003 390 1074 letematis
410 1001 448 1065 P.
460 1000 501 1064 tl.
521 1023 554 1087 p.
568 998 712 1085 3sqq.-
723 999 920 1083 Myrtidem
937 996 1145 1063 Anthedone
1162 1012 1277 1063 natam

223 1098 261 1161 in
276 1094 426 1164 Boeotia,
449 1085 590 1151 Pindari
599 1088 816 1173 magistram
829 1085 1020 1150 Corinnam
1032 1085 1278 1173 Tanagraeam,

225 1182 345 1248 Μυῖαν
371 1176 438 1239 i.e.
468 1173 635 1239 Muscam
660 1173 884 1261 appellatam,
921 1195 941 1235 a
972 1173 1166 1238 carminum
1203 1175 1276 1237 eins'

226 1272 388 1332 tenuitate
399 1268 470 1324 sive
481 1258 699 1323 mollitudine
707 1259 814 1348 (unde
825 1257 918 1345 apud
929 1259 1075 1322 Statium
1088 1260 1170 1325 Sitv.
1186 1261 1230 1324 V.
1242 1261 1275 1324 5.

226 1352 407 1438 tenuisque
428 1369 561 1412 arcana
574 1345 783 1430 Corinnae),
807 1345 948 1409 Pindari
969 1346 1156 1424 aemulam,
1196 1367 1279 1411 uem

226 1437 380 1505 carmine
397 1431 576 1519 quinquies
595 1432 715 1495 vicisse
733 1432 859 1496 dicitur
876 1433 1027 1497 Aeliano
1050 1434 1111 1522 (V.
1124 1370 1275 1498 Hitttt.

229 1527 295 1608 αδ.)
313 1521 428 1601 „semel
445 1518 649 1595 Pausaniae,
674 1519 838 1604 cuiusque
859 1518 1019 1584 victorias
1040 1541 1142 1585 causa
1159 1525 1197 1585 in
1214 1542 1279 1583 ur-

226 1615 271 1677 be
302 1605 412 1699 patria
448 1607 557 1693 capite
582 1605 691 1670 taenia
721 1606 883 1670 redimito
914 1607 1148 1698 (διαδουμὲνη)
1188 1608 1280 1693 picta

226 1699 312 1774 suit,
344 1706 427 1759 teste
447 1692 568 1756 eodem
593 1691 771 1757 Pausania
791 1691 851 1770 lX.
877 1713 952 1774 ης
985 1704 1105 1757 auctor
1131 1697 1279 1782 hymno·

227 1809 324 1862 rum,
346 1780 460 1866 νόμων
474 1779 631 1866 λυρικῶν,
654 1801 673 1841 e
699 1775 949 1871 igranipmtum
960 1779 996 1843 iu
1008 1781 1160 1870 quinque
1168 1780 1277 1845 libros

229 1872 472 1946 collectorum,
491 1864 637 1948 denique
690 1866 859 1929 rusilium
876 1866 1093 1951 Sicyonium,
1116 1866 1277 1953 Bacchy-

226 1959 306 2025 lidis
328 1951 542 2041 temporibus
563 1949 761 2027 florentem,
786 1948 830 2013 ob
856 1952 967 2016 seclia
985 1962 1019 2015 et
1039 1953 1279 2053 dithyrambos

228 2067 315 2133 quos
331 2040 459 2106 fecerat
484 2035 658 2100 veteribus
677 2035 830 2108 laudata:
854 2039 1001 2123 quaruin
1019 2060 1176 2103 ommam
1193 2039 1276 2103 reli·

253 2131 344 2202 uias,
377 2135 457 2213 post
489 2123 659 2189 Fulvium
691 2122 879 2200 Vrsinum,
914 2146 1071 2189 seorsum
1098 2125 1278 2190 ediderunt

227 2156 284 2286 io.
318 2213 446 2279 Christ.
483 2201 635 2296 Woffius
664 2208 702 2271 iu
728 2208 955 2276 Poi'triurum
981 2223 1074 2291 octo,
1109 2212 1279 2290 Erimus,

230 2302 359 2392 Myrzis
373 2309 436 2361 etc.
469 2296 698 2383 Fragmentis
721 2305 757 2359 et
774 2294 934 2382 Elegiis,
963 2319 1084 2380 graece
1103 2310 1137 2363 et
1160 2298 1280 2364 latina

229 2388 377 2455 Accedit
404 2383 504 2470 Geato
525 2406 554 2447 r.
577 2379 712 2448 Olearii
739 2380 872 2446 dissert.
897 2382 941 2449 de
953 2383 1105 2453 Poe'triie
1121 2385 1281 2466 Graecis,

232 2469 431 2557 Hamburgi
448 2492 483 2559 ι]
510 2476 540 2531 l.
558 2469 742 2553 quaternis.
757 2478 858 2535 ‚etun
886 2492 923 2534 er
934 2472 980 2536 A.
992 2471 1222 2537 Selineiderus
1237 2476 1277 2535 iu

231 2563 450 2629 Poiitriarum
491 2575 605 2645 graec.
636 2556 833 2621 carminum
895 2558 1093 2645 tegmentis.
1138 2556 1281 2624 Giessae

235 2651 329 2717 1802.
352 2650 383 2714 8.
964 2694 969 2699 -

701 2815 729 2908 a
752 2820 806 2881 u.

298 2989 554 3080 Ditbyrambus
574 2980 647 3052 sive
668 2989 815 3075 hymnus
834 2988 873 3054 in
894 2988 1076 3075 Bacchum
1094 3012 1155 3056 seu
1185 2982 1282 3056 Dio·

233 3100 372 3171 nysum,
412 3078 533 3141 eodem
556 3075 697 3138 nomine
718 3076 853 3160 passim
875 3078 1104 3164 appellatum,
1140 3088 1282 3141 vocatur

235 3188 375 3233 carmen
402 3163 551 3251 lyricum
575 3160 729 3224 altissimi
750 3161 890 3247 spiritus
920 3175 953 3228 et
978 3164 1174 3230 liberrimae
1201 3185 1282 3227 ora-

233 3254 358 3332 tionis,
392 3251 552 3324 acltoro,
582 3247 781 3334 quieyclius
797 3245 957 3331 (κύκλιος,
980 3246 1163 3339 ἐγκόκλιοὲ)
1187 3249 1284 3314 dice·

232 3340 354 3413 batur,
391 3335 635 3416 cum-mimica
665 3333 843 3398 saltatione
874 3335 1133 3400 decantandum.
1178 3336 1283 3414 Eum,

231 3429 359 3517 pariter
371 3421 592 3510 atqueipsum
603 3438 741 3497 numen,
764 3426 860 3485 cuius
874 3422 1020 3499 natales,
1044 3424 1194 3501 virtutes,
1212 3443 1281 3487 no·

233 3518 340 3591 mina,
357 3508 686 3595 resgestas,itinera,
697 3502 860 3573 beneficia
877 3508 1108 3594 praedicabat,
1121 3532 1190 3574 uua
1201 3529 1282 3572 cum

237 3600 357 3676 sacris,
400 3596 524 3681 orgiis,
557 3592 720 3681 festisque
750 3594 947 3675 Bacchicis,
984 3618 1028 3659 ex
1051 3594 1194 3661 Oriente
1218 3616 1282 3682 per
1347 3610 1350 3619 ·

237 3689 270 3753 T
274 3684 426 3752 breciam
443 3692 476 3744 et
493 3680 684 3831 Phqygiam
699 3682 738 3744 in
758 3678 940 3746 Graeciam
959 3681 1109 3760 illatum,
1132 3687 1284 3769 antiqui⁴

235 3785 292 3838 tus
312 3768 477 3836 Corinthi
495 3776 530 3830 et
553 3767 700 3845 'liebz's,
728 3766 837 3831 serius
855 3768 1005 3835 Athenis
1022 3770 1174 3836 maxime
1192 3768 1285 3833 cele·

240 3862 376 3925 brutum
404 3875 476 3919 esse
506 3855 707 3940 accepimus.
743 3853 881 3918 Primus
912 3875 993 3920 rere
1014 3866 1133 3921 auctor
1162 3855 1284 3942 dithy-

236 3945 369 4019 rambi,
400 3941 529 4016 idest,
571 3939 680 4026 isqui
700 3928 774 4033 ca}
793 3964 818 4004 ts
850 3941 1068 4020 inconditos,
1109 3943 1147 4008 in
1175 3948 1282 4007 sacris

238 4028 432 4106 Bacchicis',
467 4027 509 4092 ad
527 4025 835 4091 instrumentorum
855 4029 1069 4093 musicorum
1089 4030 1284 4118 strepitum,

238 4114 487 4207 atripudiante
513 4111 623 4177 thiaso
645 4114 753 4177 accini
774 4114 909 4194 solitos,
941 4117 1075 4203 primus
1098 4126 1170 4182 arte
1194 4136 1283 4201 qua-

239 4205 320 4274 dam
333 4199 592 4292 temperaverit,
611 4211 941 4269 veterumconsensu
959 4200 1065 4271 faisse
1080 4202 1282 4295 perhibetur
