2942 4875
288 546 292 577 ἢ
428 471 658 540 Sonrrronas
687 479 971 556 Eccnnsnsncr

1065 621 1068 627 Δ
1161 532 1254 606 1⁷⁷*

275 624 387 673 Horren
407 624 450 677 De
466 626 604 683 Menandri
623 634 736 689 rhetoris
749 641 802 695 rita
819 659 845 695 et
858 650 979 714 aeriptie,
1002 652 1135 726 simulque
1154 672 1221 722 unt.

273 704 348 741 verse
366 689 398 741 de
411 691 575 749 Graecorum
588 699 736 768 rhetorica,
759 708 907 765 disaertatio
927 723 1068 798 praemiata
1082 727 1222 791 Menandri

275 754 387 807 editioni
407 777 485 826 aupra
502 765 575 816 laud·
590 792 622 803 -
651 771 685 822 F.
697 773 737 823 A.
757 776 947 851 Wedabnrgai
964 786 1103 861 Praecepta
1125 800 1219 854 rheae.

271 823 327 872 riea
339 840 353 872 e
365 825 438 876 libria
446 828 612 895 Aristotelia,
627 835 777 904 Ciceronis,
789 843 963 913 Quintiliani,
985 853 1127 924 Demetrii,
1144 866 1219 921 Lan.
1270 900 1274 911 .

270 891 329 952 gini
348 904 374 940 et
385 886 512 955 a'liornrn,
534 916 652 967 ucerpta
667 918 693 955 et
711 904 845 973 diapoaita.
868 916 1004 969 Brnnsrioi
1022 925 1094 987 1786.
1105 928 1172 981 82-
1191 940 1217 989 I.

277 955 323 1008 cli.
341 957 390 1009 Th.
409 962 521 1015 Ernesti
538 966 653 1019 Lexieen
679 973 863 1044 technolagiae
885 981 1050 1047 Graecorum
1070 993 1218 1058 rhetoricae

271 1039 333 1073 etam
346 1026 528 1082 animadversa.
550 1033 652 1101 Liptiat
666 1037 737 1111 1795.
752 1040 778 1095 8.

629 1213 655 1307 h.
683 1220 754 1290 186.
823 1248 828 1257 ’

231 1391 338 1473 Quod
360 1411 536 1481 superest,
558 1415 786 1491 cognoscendi
807 1420 907 1487 etiarn
932 1439 1012 1493 sunt
1030 1436 1073 1499 de
1100 1429 1213 1512 Grae.

165 1481 218 1549 ais
239 1484 468 1568 scriptoribus
484 1490 723 1564 ecclesiasticis
741 1501 781 1583 ii,
804 1508 863 1592 qni
875 1508 1090 1606 philosophia
1103 1528 1213 1596 Grae.

167 1587 311 1647 rorum,
341 1574 492 1635 maxime
515 1576 707 1665 Platonica,
733 1587 924 1681 litterisque
946 1601 1211 1689 elegantioribus

165 1651 312 1729 imbuti,
335 1637 579 1727 velfsermonis
598 1664 722 1735 Graeci
743 1697 812 1760 qna
833 1684 888 1743 usi
907 1698 987 1750 sant
1008 1698 1154 1775 puritate
1176 1716 1212 1772 et

166 1739 333 1824 elegantia
356 1747 444 1809 inter
464 1759 593 1815 ceteros
615 1757 803 1842 excellunt,
825 1768 881 1832 vei
898 1770 933 1835 in
948 1779 1106 1863 oporibus
1129 1796 1209 1869 suis,

166 1827 259 1889 alind
284 1838 441 1911 agentes,
474 1836 681 1923 antiquitatis
702 1843 855 1915 Graecam
879 1855 976 1940 plara
999 1874 1106 1953 capita
1128 1875 1210 1943 illu·

163 1914 335 1990 strarant,
358 1916 408 1979 rel
431 1919 576 2007 deniqne
591 1922 881 2017 fragmentorum,
904 1965 989 2029 quae
1009 1972 1054 2017 ex
1071 1961 1207 2049 seriptis

157 1998 342 2084 deperditis
354 2017 552 2082 servarunt,
575 2016 689 2102 copia,
708 2017 897 2090 litterarum
912 2028 1121 2109 Graecarum
1132 2061 1207 2113 atu-

158 2083 263 2148 diosia
291 2090 555 2180 oommendandi
586 2100 703 2169 vident

156 2170 355 2257 reponimus

227 2262 255 2344 a)
267 2260 660 2349 religionisChristianee
669 2275 882 2349 defensores:
906 2290 1082 2383 Iustinum
1094 2301 1205 2374 Mar.
1244 2294 1248 2311 ¹

155 2346 278 2425 tyram,
291 2366 309 2408 e
322 2347 421 2431 Syrie
435 2350 651 2437 Palaestinae,
669 2360 858 2448 Crescentii
872 2371 994 2460 Cynici
1003 2378 1203 2481 philosophi

156 2429 336 2496 calumniis
365 2457 584 2522 oppressum,
618 2456 651 2510 et
670 2448 720 2514 Μ.
742 2453 879 2521 Aurelii
910 2463 1083 2540 Antonini
1105 2478 1201 2547 iussu

155 2519 268 2579 securi
288 2540 486 2603 percussum
509 2526 579 2595 165.
601 2552 636 2617 p.
659 2533 777 2600 ch...
800 2535 1067 2639 Athenagoram
1086 2561 1201 2633 Athe..

153 2602 324 2687 mensem,
347 2609 593 2700 philosophum
608 2618 823 2690 Platonicum
844 2641 878 2694 et
888 2634 1084 2727 theologum
1096 2643 1199 2716 Chri.

154 2687 323 2772 stianprn,
356 2695 568 2783 Legationes
593 2710 794 2793 (πρεσβείας)
817 2720 887 2782 aire
908 2723 1101 2816 Apologiae
1132 2759 1197 2825 pro

153 2769 374 2857 Christianis,
398 2783 448 2848 Μ.
461 2783 607 2854 Aurelio
627 2795 712 2861 Ant.
730 2807 764 2861 et
780 2797 823 2866 L.
846 2798 940 2872 Vero
962 2833 990 2879 a.
1007 2817 1067 2883 166
1084 2842 1117 2908 p.
1132 2825 1197 2894 Ch.

150 2861 298 2947 oblatae,
328 2875 359 2930 et
382 2868 464 2935 lihri
494 2873 537 2937 rte
558 2883 809 2950 resurrectione
831 2897 1047 2970 mortuorum
1076 2925 1197 2978 aucta,

149 2969 243 3026 rem,
273 2955 451 3042 utriusque
474 2961 601 3044 optime
630 2966 711 3030 editi
734 2969 775 3032 ab
799 2971 969 3050 Eduardo
989 2986 1194 3084 Declaairia,

150 3029 284 3099 Oxonli
311 3042 402 3123 1706.
430 3045 461 3111 8.
483 3083 522 3097 -—
571 3049 765 3121 Tatianttm
786 3057 931 3146 Syrum,
963 3069 1136 3154 rhetorem
1160 3102 1195 3152 et
1306 3165 1312 3171 .

147 3121 415 3210 philosophum,
446 3132 574 3197 artibus
604 3148 637 3200 et
658 3142 847 3234 disciplinis
871 3150 1083 3230 Graecorum
1112 3170 1193 3236 dili—

144 3217 467 3295 genterexoultinn,
491 3217 525 3283 S.
541 3217 662 3289 lustini
686 3226 847 3318 Martyris
865 3238 1084 3329 discipulum.
1111 3256 1191 3338 Qua

145 3294 187 3355 ad
210 3300 417 3383 supplicium
440 3316 560 3393 rapto,
584 3310 718 3396 Syriam
740 3323 896 3406 repetiit,
920 3341 953 3392 et
972 3331 1008 3397 in
1022 3336 1190 3430 Mesopo-

121 3384 245 3443 ·ternia
264 3388 350 3450 circa
373 3410 402 3452 a,
417 3411 488 3478 ¹72·
511 3411 545 3500 p
563 3394 626 3461 ch.
651 3419 793 3481 noram,
814 3428 956 3499 eamque
980 3441 1188 3514 perversam,

141 3469 425 3540 eandiditsertem
438 3478 505 3542 τῶν
518 3481 740 3572 Ιίγκρατιτῶν.
764 3492 848 3558 Eius
864 3497 990 3569 Oratio
1010 3511 1060 3575 nd
1073 3514 1188 3582 Grae-

139 3553 995 3752 nariatriturarentur
1019 3597 1185 3754 'spitii’

135 3724 292 3814 Denique
313 3731 522 3814 Hermiona,
555 3709 803 3835 philosophum
823 3705 1074 3848 Christienhm7,
1106 3735 1184 3839 eae:

133 3813 211 3876 culo
234 3814 276 3881 ll.
307 3832 453 3885 exeunte
485 3821 684 3909 florentem,
717 3843 814 3903 ouius
840 3842 965 3913 Irririo
989 3861 1181 3940 gentilium

126 3900 414 3991 philosophorum
435 3911 642 4002 (Διασυρμὸς
661 3920 729 3987 τῶν
749 3922 810 4005 ἔξω
829 3932 1042 4028 φιλοσόφων)
1066 3943 1127 4012 Gr.
1144 3962 1180 4013 et

130 3980 208 4049 Lat.
236 4011 334 4074 saepe
367 3997 457 4060 edite
488 4010 554 4079 est,
592 4013 776 4096 praecipue
807 4037 886 4080 anna
922 4021 1067 4093 Tetiano
1095 4054 1177 4108 cura

135 4071 231 4140 Gaii.
259 4077 440 4161 Warthii,
475 4083 608 4152 Oxonii
632 4114 642 4154 1
670 4111 721 4159 oo.
742 4098 772 4166 8.
794 4111 829 4164 et
849 4125 927 4170 aum
949 4109 1021 4176 eliis
1041 4118 1178 4207 Apolo-

125 4157 191 4242 giis
212 4181 231 4223 a
249 4157 441 4238 Prudentia
463 4171 623 4242 Marone
683 4203 765 4268 agne
787 4187 885 4254 Com.
910 4193 989 4277 174'2
1010 4198 1073 4273 fol.

923 4289 964 4347 23

704 2126 757 2171 ur.
806 2106 1025 2203 inquorum
1058 2149 1204 2201 numera
1288 2180 1292 2187 »
1366 2228 1369 2235 1
