2942 4875
557 275 585 318 ,Χ

123 485 126 488 .
242 423 330 516 ψ’
526 453 1003 504 canernacnvs

241 583 386 650 obscura
414 587 501 668 visa,
536 600 575 652 nt
600 590 719 679 plures
740 591 967 654 Grammatiei
995 589 1038 654 fis
1073 588 1289 672 explicandis

240 693 383 758 operam
399 673 535 757 darent,
558 679 707 742 maxime
727 677 933 755 Arrhibiue,
956 673 1140 763 Apollonii
1157 676 1283 761 Sophi-

238 768 310 821 stao
337 769 443 848 pater.
489 763 588 841 Quae
610 786 739 851 paucae
772 764 933 848 reliquiae
964 785 1072 849 quum
1092 763 1282 828 doen-imm

238 847 359 930 potitae
383 849 509 912 veriam
530 871 569 914 ao
590 851 767 931 subtilem,
789 862 864 913 tum
885 851 1010 935 poetici
1026 854 1199 913 'sermonis
1217 860 1283 936 quo

239 933 347 997 utitur
368 936 567 1021 puritatem,
590 938 857 1001 concinnitatem
879 947 913 999 et
932 937 1134 1022 elegantiam
1151 937 1285 1001 abunde

237 1027 416 1086 testantur.
1389 1083 1396 1100 ,

307 1107 354 1171 Ut
367 1109 511 1174 Codices
523 1109 612 1173 Mas·
622 1103 824 1173 Callimachi
838 1130 949 1195 neque
965 1111 1083 1189 multi,
1106 1134 1169 1176 nec
1185 1108 1291 1174 valde

239 1195 372 1277 antiqui
408 1196 644 1284 reperiuntur:
686 1195 847 1282 (cerream
875 1195 952 1260 vida
982 1221 1036 1285 ap.
1059 1197 1188 1264 Fabric.
1213 1196 1290 1260 hc.

156 1355 160 1366 ¹
237 1278 1011 1452 isitii?,iititittttnhitttt’
1033 1292 1290 1434 ‘iiiiii-'l

238 1454 369 1518 tionem
381 1456 581 1543 principem
590 1454 845 1532 Florentinum,
865 1467 1006 1522 curante
1022 1459 1173 1523 Laenati
1179 1508 1190 1536 ,
1210 1456 1289 1520 sine

238 1536 310 1603 loci
328 1550 363 1604 et
383 1539 465 1606 anni
485 1540 628 1618 iudicio,
650 1540 880 1624 rarissimam,
901 1544 1071 1608 notandae
1091 1556 1185 1609 suut:
1214 1543 1286 1607 At-

238 1624 325 1689 dina
347 1649 424 1692 curn
439 1628 587 1692 Pindaro
607 1638 641 1690 et
650 1626 900 1715 Lycophrona,
923 1627 1077 1696 Venatiis
1092 1631 1185 1695 1513.
1198 1632 1285 1694 8..-

239 1708 484 1792 Froheniann,
506 1714 655 1779 Basileon
671 1713 762 1800 1532.
785 1722 817 1778 lt.
839 1758 882 1772 -
908 1717 1170 1806 Stephanium
1187 1717 1284 1793 duae,

235 1796 454 1889 interposita
467 1823 537 1888 pr.,
555 1811 588 1871 et
598 1823 751 1865 seorsum
763 1822 841 1866 cum
851 1803 998 1869 Scholiis
1007 1803 1090 1879 Gn,
1107 1823 1193 1870 vers.
1206 1804 1282 1867 Lu.

238 1885 543 1953 ‚F'riscltiini‘notis
569 1908 627 1964 ue,
654 1894 688 1949 et
706 1886 864 1973 fragmm.
895 1886 1052 1955 Geneeae
1072 1899 1162 1978 ιδῃ.
1186 1896 1218 1953 t.
1240 1928 1284 1941 -

238 1971 368 2039 Annae
394 1972 509 2039 Fabri
534 1910 583 2038 fil
620 1973 757 2042 Parisiis
781 1974 872 2063 1675.
894 1983 926 2039 4.
946 2019 989 2032 -
1028 1984 1178 2042 maximo
1200 1998 1284 2039 vero

244 2057 446 2125 Graevinna
477 2081 556 2125 cum
590 2056 697 2125 doctis
727 2063 979 2140 commentariis
1003 2064 1132 2130 Euan.
1165 2064 1284 2150 Spon-

178 2181 180 2186 ·
239 2142 349 2212 hemii
369 2157 403 2209 et
417 2147 644 2232 Fragmentia,
672 2167 689 2208 a
711 2147 816 2213 utcu.
840 2148 999 2215 Bentleio
1021 2152 1200 2237 insiguiter
1219 2172 1283 2213 au-

238 2231 317 2308 ctis,
344 2233 625 2323 Ultraieoti1697.
648 2234 678 2299 ll
695 2235 787 2298 Voll.
810 2233 840 2299 8.
863 2236 956 2320 typis
967 2258 1096 2317 recusa,
1117 2249 1150 2301 et
1167 2237 1282 2300 multis

238 2321 383 2404 egregiis
404 2319 640 2385 additamentis
662 2333 779 2386 ornata
800 2330 834 2384 et
854 2335 951 2385 aucta
968 2322 1022 2388 ab.
1037 2325 1091 2389 Io.
1103 2317 1197 2411 Aug.
1210 2323 1283 2388 Er-

238 2409 380 2491 nestio,
401 2407 515 2493 Lugd.
531 2408 605 2472 ΒΜ.
627 2406 718 2496 1761.
752 2406 783 2473 11
794 2408 890 2473 Voll.
914 2409 945 2474 8.
968 2452 1012 2466 -
1059 2411 1142 2476 Post
1161 2411 1284 2477 Brun·

237 2494 353 2560 chium
373 2498 409 2559 iu
431 2494 606 2560 Analectis
627 2505 707 2559 vett.
731 2496 826 2562 Po'o't.
848 2497 970 2561 Graec.
991 2497 1073 2562 'l'.l.
1096 2540 1139 2553 -
1171 2519 1288 2585 nuper

101 2658 108 2669 ·
242 2580 282 2643 0.
303 2582 334 2648 Ι.
359 2578 617 2669 Blomsteidiue,
657 2580 818 2647 Porsenii
841 2581 1048 2673 discipulus,
1081 2583 1283 2648 Callimachi

238 2690 326 2755 quae
353 2679 539 2756 supersunt
566 2669 756 2748 recensuit,
796 2682 831 2733 et
856 2692 934 2735 eum
962 2680 1120 2734 notarum
1150 2670 1284 2734 delectu

237 2755 344 2820 edidit
353 2754 505 2818 Loudini
521 2753 613 2821 1815.
636 2766 702 2819 oct.
715 2756 794 2821 mai.
805 2756 1033 2838 Minores„in
1050 2779 1149 2822 usum
1163 2759 1282 2821 lectio-

236 2864 322 2907 num
346 2841 546 2925 adornatae,
568 2844 734 2908 editiones
752 2844 838 2907 duae
860 2841 950 2907 haud
969 2844 1103 2932 pridem
1124 2845 1281 2932 prodiere

236 2929 394 3014 Lipsiae,
433 2927 539 2993 altera
566 2931 735 2994 sumtibus
772 2930 937 3015 Weigelii
957 2931 1050 3031 ¹⁸¹7·
1083 2934 1133 3006 8..
1175 2930 1281 2994 altera

96 3044 104 3059 ¹
239 3016 337 3083 18ι8.Ι
357 3017 389 3082 8.
412 3034 494 3079 oure
513 3015 566 3080 H.
584 3016 630 3081 F.
652 3016 816 3104 Volgeri,
846 3017 944 3081 cuius
961 3038 1074 3082 maror
1087 3020 1188 3081 etiam
1209 3016 1282 3080 edi-

235 3103 286 3167 tio
306 3113 340 3168 et
358 3122 448 3167 nova
467 3103 722 3169 incensionum
740 3102 986 3170 commentario
1010 3115 1176 3192 perpetuo
1198 3126 1283 3191 pro-

235 3189 372 3277 pediem
395 3189 506 3253 lucem
527 3191 640 3254 visura
656 3191 850 3257 nunciatur.
886 3190 1051 3279 Denique
1066 3201 1282 3280 exspectatur

235 3278 339 3342 editio
349 3275 563 3357 Callimachi,
577 3278 689 3343 studio
704 3277 784 3344 Cur.
803 3278 900 3345 uait
917 3279 1122 3366 Gottlingii,
1143 3278 1209 3341 hoe
1224 3277 1288 3341 in-,

236 3365 312 3449 diua
326 3364 501 3429 nuneiatar
524 3361 608 3429 Call.
626 3365 709 3452 Gyr.
724 3388 811 3452 quae
832 3374 1028 3453 supersunt.
1073 3365 1225 3429 Textum
1238 3362 1281 3427 ad

236 3450 346 3515 codd.
368 3450 470 3515 fidam
487 3452 676 3530 recensuit,
699 3452 836 3520 Scholia
849 3468 882 3517 et
892 3452 1094 3536 Fragmenta
1117 3472 1162 3516 ex
1185 3451 1280 3515 libris

234 3538 322 3603 Mea.
342 3538 452 3618 auxit,
483 3546 581 3605 notas
606 3538 747 3605 selectas
770 3542 816 3606 Η.
840 3539 1016 3627 Stephani.
1065 3539 1107 3602 R.
1125 3537 1280 3617 Bentleii,

235 3612 263 3688 Ῐ.
280 3624 325 3689 Α.
345 3624 512 3702 Ernestii,
539 3625 592 3690 D.-
607 3627 822 3707 lluhnkenii,
854 3625 1094 3705 Valckenarii,
1129 3625 1226 3688 elior.
1248 3634 1282 3685 et

235 3733 313 3776 suaa
331 3711 453 3775 adiecit
466 3712 505 3777 0.
518 3714 561 3778 G.
574 3713 750 3802 Giittling.
761 3714 901 3803 Lipsiae
918 3714 1029 3781 timei.
1041 3751 1084 3787 -,
1110 3710 1282 3777 Callima·

234 3799 294 3864 ehi
313 3797 521 3888 Elegiurum
533 3797 744 3886 fragmenta
764 3820 782 3865 a
806 3801 1041 3868 Valckenario
1062 3799 1204 3861 oollecta
1230 3807 1284 3860 at-

235 3907 303 3970 que
322 3884 503 4035 illpstrata,
524 3890 706 3973 separatim
725 3887 830 3953 edidit
851 3891 904 3959 Io.
916 3892 1057 3969 Luzue,
1079 3886 1194 3973 Lugd.
1207 3884 1281 3948 But·

237 3990 322 4061 1799
378 4018 387 4036 .

264 4023 884 4149 interpretutt.Lutinushymnorum
894 4063 1052 4130 metricas
1061 4058 1285 4125 confecerunt

235 4140 283 4231 ll.
296 4143 505 4235 Stephanus,
528 4147 568 4212 B.
587 4146 777 4231 Vttleauue,
799 4149 855 4219 Fr.
865 4147 1033 4229 Sabinus,
1055 4147 1134 4214 Nic.
1146 4143 1284 4212 Friseh.
