2942 4875
258 292 304 358 61
524 293 752 348 ΟΑΒΙΠΗ
782 293 1037 344 ΗΕεῙΟΜᾸ

260 458 335 525 lum
357 475 458 520 causa
476 459 615 527 assutis,
641 465 690 519 tot
712 451 934 540 corruptelis,
965 453 1186 520 librariorum
1206 455 1308 521 incu-

259 544 408 613 riserat
435 542 663 625 negligentiae
695 541 838 617 debitis,
875 541 1064 610 retortum,
1094 552 1148 618 ut,
1177 542 1310 628 Wolfio

258 633 390 706 iudice,
423 628 560 716 Oedipo
595 651 680 712 opus
709 641 814 703 esset,
850 628 878 689 si
915 630 988 713 quis
1016 629 1137 713 po'e'ma
1170 633 1311 714 antiquo

260 741 326 784 auo
345 718 451 780 nitori
468 716 600 780 restitui
622 715 732 780 vellet.
778 717 923 779 Accedit
946 717 1054 801 quod,
1076 739 1162 802 quae
1179 717 1220 780 ad
1233 718 1313 780 Ho-

259 805 469 871 mericorum
486 812 684 868 contextum
702 803 948 866 recensendum
962 803 1041 866 satis
1068 824 1191 887 magua
1209 804 1311 888 copia

260 914 355 959 nunc
383 901 566 976 supersunt
588 888 738 954 subsidia
766 891 902 958 critica,
926 890 967 951 iis
993 892 1028 950 in
1048 889 1221 953 Hesiodea
1236 913 1313 953 rar-

256 981 355 1043 mine
386 978 664 1058 recoguoscendo
707 997 847 1061 prorsus
884 974 1120 1052 destituimur,
1157 990 1313 1042 veterum

262 1063 602 1138 Grammaticorum,
645 1061 843 1136 Zenodoti,
879 1063 1103 1139 Aristarchi,
1138 1061 1312 1146 Cratetis,

260 1152 430 1230 aliorum,
452 1158 490 1216 in
502 1149 744 1235 'l'heogoniam
760 1149 1014 1214 commentariis
1031 1172 1099 1213 non
1113 1152 1176 1213 nisi
1196 1151 1314 1213 nomi-

259 1250 428 1307 notanus
463 1236 561 1301 nobis
592 1238 749 1322 cognitis.
805 1233 966 1300 Ceterum
1002 1236 1054 1299 vel
1087 1259 1193 1321 pauca
1223 1237 1309 1301 haec

285 1347 349 1390 uae
378 1324 419 1388 de
437 1323 597 1389 carminis
617 1321 718 1386 huius
739 1333 858 1387 natura
884 1333 919 1385 et
935 1324 1047 1386 iudole
1068 1325 1182 1401 attuli,
1199 1323 1313 1387 abun·

261 1347 303 1477 de
326 1411 517 1485 docebunt,
538 1420 748 1495 quantopere
774 1409 956 1482 fallantur,
981 1413 1039 1496 qui
1060 1420 1118 1474 ant
1136 1411 1313 1498 mytholo-

258 1501 348 1590 gice
384 1497 597 1564 Graecorum
625 1509 774 1582 systema
807 1497 995 1584 quoddam,
1033 1508 1091 1560 aut
1117 1496 1312 1562 Annalium

260 1595 417 1650 veterum
441 1585 671 1670 allegoricam
693 1590 807 1647 nescio
831 1605 933 1669 qnam
957 1583 1253 1648 adumbrationem
1268 1608 1310 1649 eo

260 1674 453 1750 contineri,
476 1685 535 1735 ant
553 1669 707 1734 Deorum
727 1672 964 1755 genealogias,
989 1672 1197 1758 mythosque
1219 1692 1309 1756 quos

260 1757 386 1832 refert,
410 1759 453 1821 ab
471 1767 627 1834 auctore,
650 1757 721 1821 sive
745 1757 918 1820 Hesiodus
939 1759 965 1819 is
982 1755 1106 1833 fuerit,
1127 1761 1197 1821 sive
1221 1759 1311 1823 alius

269 1846 527 1934 qualiscumque
551 1844 666 1929 poeta,
698 1846 852 1929 primum
871 1846 1027 1909 inventos
1052 1845 1108 1909 vel
1133 1845 1313 1931 excogita·

260 1942 315 1999 tos
334 1954 407 1999 esse
430 1930 496 1995 sibi
512 1931 688 1998 timerint.

252 2067 257 2076 ι
296 2103 421 2176 Bargler
440 2101 582 2167 l'Origine
600 2101 650 2156 das
664 2101 776 2167 Diana,
797 2100 887 2157 Paris.
907 2102 979 2171 1767.
989 2101 1015 2156 8.
1034 2135 1064 2151 -
1095 2106 1207 2175 Hsynii
1231 2107 1312 2162 Co..

370 2184 456 2226 ment.
478 2173 514 2224 de
536 2173 616 2228 Theo
636 2174 701 2226 onia
733 2175 768 2224 ab
792 2173 917 2225 Hesiodo
938 2175 1076 2238 condita,
1102 2176 1206 2229 inserta
1229 2179 1307 2230 Com·

366 2251 497 2296 mentatt.
524 2240 586 2293 Soc.
613 2192 647 2294 d.
673 2243 808 2311 Gotting.⁴
834 2242 900 2292 Vol.
922 2241 956 2292 ll.
983 2242 1048 2307 1780
1065 2274 1094 2285 -
1139 2242 1310 2298 Rakataaii

368 2311 458 2379 Epist.
479 2309 542 2362 crit
566 2310 585 2362 l.
614 2312 647 2362 ad
663 2309 872 2363 valcherum-
898 2310 1310 2379 W‹·lfiusinedit.sna'l‘hso-

368 2398 434 2450 gon.
453 2398 479 2449 p.
489 2382 524 2448 lq
533 2398 590 2449 sqq.
605 2407 633 2420 ·-
657 2378 826 2434 Hermanni
844 2393 874 2432 et
892 2381 1029 2435 Creuaan'
1055 2383 1199 2455 Epistolaa
1212 2383 1312 2436 Hesio·

365 2454 437 2505 deaa
454 2462 520 2504 anta
536 2448 674 2503 laudatae.

732 2604 759 2697 r.
784 2605 836 2672 25.

277 2768 287 2846 i
330 2779 450 2862 Quum
470 2779 571 2868 plura
596 2777 679 2845 olim
698 2803 803 2868 eaque
819 2780 1032 2845 diversorum
1057 2782 1312 2864 surtarnmi'aq

264 2868 474 2941 exstiterint,
502 2867 733 2956 genealogias
760 2893 880 2957 resque
904 2879 1026 2957 gestas
1043 2870 1204 2947 laeroum,
1224 2893 1310 2956 quos

263 2955 484 3019 emullarum
515 2975 594 3016 cum
623 2952 699 3017 Diis
723 2954 902 3018 courmbiis
930 2966 1027 3019 natos
1058 2957 1311 3020 crediditauti-

263 3045 394 3131 quitos,
417 3040 640 3105 celebrantia:
670 3063 708 3105 ea
729 3044 837 3106 serius
871 3043 905 3106 in
930 3065 1037 3106 uuum
1068 3044 1205 3129 aliquod
1229 3066 1311 3106 cor-

262 3150 330 3220 pus
357 3127 409 3192 vel
431 3149 651 3214 compagem,
683 3128 836 3213 pluritas
862 3128 956 3193 libris
983 3129 1145 3205 divisam,
1168 3132 1312 3195 collecta

263 3236 336 3282 esse
358 3215 538 3292 videntur,
565 3225 665 3301 atque
696 3214 777 3280 hinc
802 3216 864 3278 sub
892 3216 990 3278 variis
1016 3218 1120 3280 titulis
1151 3219 1312 3297 citantur,

265 3303 371 3367 modo
391 3302 587 3369 Mulierum
602 3302 771 3391 Catalogi
790 3302 991 3388 (natalique
1009 3305 1209 3390 Juvassrir),
1230 3327 1311 3367 mo-

262 3408 322 3454 mo
343 3389 614 3476 Heroogoniae,
642 3390 746 3453 modo
769 3391 928 3454 heroicae
952 3391 1193 3477 genealogiae.
1237 3391 1310 3456 lam

262 3477 407 3562 insignis
427 3474 528 3539 huius
546 3476 756 3539 collectionis
784 3498 878 3562 pars,
911 3484 956 3540 et'
972 3482 1040 3563 ipss
1062 3477 1224 3563 peculiari
1244 3501 1309 3540 uo-

264 3564 358 3631 mine
375 3559 494 3625 erebro
511 3562 663 3637 laudata,
683 3563 825 3626 luerunt
843 3564 975 3638 Eueae,
990 3564 1109 3631 Ἠοιαι
1130 3560 1309 3629 stvefffoz'-

266 3675 304 3717 αι
326 3647 488 3737 μεγάλαι,
523 3649 567 3714 ob
601 3648 811 3737 frequentem
837 3671 959 3713 rorum
986 3649 1073 3732 lion]
1097 3664 1159 3715 aut
1183 3652 1309 3740 qualis,

263 3736 405 3837 (nempe
434 3734 563 3800 femina
591 3736 648 3799 illa
670 3735 750 3823 fnit)
782 3738 817 3800 iu
846 3739 920 3824 ipso
948 3760 1104 3801 versuum
1134 3741 1307 3824 prunonio

263 3826 504 3911 repetitionem
538 3847 559 3888 a
589 3823 832 3889 Grammaticis
874 3825 922 3887 sic
951 3838 1107 3899 voratae,
1138 3825 1311 3905 Hesiodi,

263 3910 493 3997 antiquissimi
523 3912 626 3985 vatis,
660 3913 829 3978 creditum
869 3936 973 4002 opus,
1008 3912 1166 4000 latusque
1198 3913 1310 3992 magis

269 4016 373 4084 qnam
390 3998 525 4088 reliqua
545 3998 666 4067 similis
690 4002 883 4089 argumenti
906 4001 1060 4068 carmina
1079 4000 1309 4079 nobilitatum,
