2942 4875
518 415 963 488 ancrnrnes
1224 439 1265 509 μ

326 606 373 651 tna
392 594 537 658 Euxinus,
560 593 722 663 Bosporus,
748 593 863 664 Hellesp
891 591 949 645 uad
971 591 1024 645 der
1042 587 1192 660 Propontis
1212 601 1269 645 ste.

326 666 480 718 visitatae.
502 662 611 716 tram
638 692 666 705 -·
692 662 719 716 Ι.
739 662 773 715 G.
788 663 894 715 Rhode
913 663 1006 715 Ueber
1028 661 1154 713 Herodot
1173 678 1199 712 n.
1221 661 1269 713 dic

325 733 593 800 Glaubwisrdigkcit
602 731 697 784 asinar
710 730 898 784 Gcschiehten
910 759 937 773 -
956 729 985 782 in
999 730 1141 783 Eiusdem
1161 728 1272 781 Beterr-

326 822 380 874 μη
400 822 452 859 aar
475 799 746 857 Altertbnmskunde
773 800 866 853 Batoi.
879 798 954 852 1820.
973 802 999 854 a.
1017 797 1054 852 ll.
1072 816 1102 868 p.
1113 800 1204 851 a-ie.

693 952 720 1046 s.
743 953 797 1020 55.
866 973 868 976 ·

265 1107 477 1176 ,Herodotsi
500 1110 615 1197 operis
642 1108 849 1194 praestantia
874 1117 909 1170 et
934 1105 1110 1172 celebritas
1138 1105 1271 1170 excita·

220 1206 302 1259 runt
329 1196 568 1286 Thucydidem
590 1192 693 1259 Olori
712 1194 840 1268 filiurn,
871 1194 1136 1268 Atheniensem,
1171 1194 1268 1256 cuius

219 1282 347 1346 natales
368 1285 404 1347 in
427 1281 485 1347 Ol.
499 1279 687 1347 LXXVII.
702 1302 732 1358 a,
755 1305 783 1344 a.
797 1279 861 1344 eh.
875 1285 948 1367 47¹·
966 1280 1140 1361 incidunt,
1163 1282 1271 1344 vitain

220 1390 351 1454 graece¹
372 1370 551 1455 descripsit
572 1366 825 1445 Mareellinam,
856 1378 910 1446 ut,
943 1388 1049 1454 quum
1072 1365 1270 1466 {praelectus

222 1462 400 1540 copiarum
421 1458 456 1517 in
476 1454 567 1518 bello
587 1449 898 1538 Peloponneiiaco,
921 1473 958 1517 re
984 1451 1164 1517 infeliciter
1175 1465 1271 1536 gesta

222 1541 264 1605 ad
285 1541 518 1627 Amphipolin
538 1536 594 1601 Ol.
612 1535 816 1603 LXXXIX.
839 1562 882 1619 u,
904 1539 1123 1627 popularium
1145 1537 1272 1604 suffra·

112 1675 120 1688 .
222 1627 289 1712 giis
310 1648 327 1688 a
351 1624 550 1689 muneribus
572 1623 702 1688 bellicis
718 1634 887 1702 remotus,
908 1637 1008 1712 atque
1027 1626 1132 1689 exilio
1145 1626 1274 1689 multa-‘-

222 1724 297 1784 tus,
319 1713 355 1776 in
380 1711 570 1778 Thraciam
588 1713 794 1790 secessisset,
823 1713 974 1777 eiusdem
996 1712 1076 1777 belli
1099 1711 1273 1800 Pelopon·
1298 1759 1300 1762 ψ

223 1799 359 1864 nesiaci
377 1798 549 1863 historiae
568 1798 835 1865 conscribendae
858 1819 920 1886 per
942 1801 1061 1882 viginti
1082 1819 1191 1862 annos
1216 1798 1274 1862 in·

224 1896 356 1963 tentus,
380 1907 490 1971 neque
508 1884 619 1947 studio
635 1905 699 1948 nec
716 1885 839 1972 opibus
858 1899 1021 1972 parceret.
1045 1883 1165 1970 Inque
1178 1906 1276 1948 acer·

224 1971 305 2037 rimi
325 1973 468 2058 ingenii,
492 1982 668 2035 accuratae
687 1971 899 2056 diligentiae,
923 1971 1125 2036 elocutionis
1138 1973 1275 2035 strictae

224 2081 264 2123 ac
281 2059 400 2145 plenae
422 2079 609 2123 nervorum
631 2068 665 2121 et
680 2056 832 2137 roboris,
856 2068 956 2145 partu
978 2057 1276 2122 consummatissi-

223 2168 300 2222 mo,
321 2148 491 2209 incertum
515 2149 588 2223 est,
612 2157 728 2208 rerum
750 2156 964 2209 narratarum
987 2142 1112 2222 fidem,
1135 2165 1276 2208 annar-

222 2232 377 2309 ratiouis,
396 2235 429 2295 in
449 2233 778 2308 summeverborum
791 2234 970 2317 paucitate,
989 2235 1177 2320 copiamlet
1193 2253 1276 2317 gra·

222 2321 364 2386 vitatem
398 2324 506 2401 magis
538 2319 761 2381 admiremur.
807 2317 956 2382 Dicendi
980 2328 1071 2380 certe
1101 2326 1209 2381 artem
1239 2318 1277 2384 in

223 2404 498 2482 narrationibus,
532 2425 613 2489 quas
632 2405 772 2490 primus
797 2401 887 2481 iere,
920 2404 1039 2469 saltem
1068 2404 1179 2469 multo
1205 2401 1277 2468 fre·

225 2496 385 2580 quentius
408 2511 509 2578 quam
533 2492 722 2576 praegressi
746 2489 912 2567 historici,
946 2491 1100 2556 historiis
1123 2493 1191 2555 suis
1217 2493 1276 2555 iu·

225 2589 372 2658 sereret,
401 2579 633 2665 Antiphontis
665 2576 812 2641 rhetoris
841 2577 1047 2651 clarissimus
1079 2578 1161 2642 disci
1190 2580 1277 2658 ulus,

225 2664 378 2755 prodidit
395 2673 544 2741 uncam,
567 2674 606 2727 ut
623 2674 800 2727 oratorum
821 2685 993 2745 summus,
1016 2602 1278 2746 Demostllenes,

225 2752 269 2816 ad
289 2753 531 2837 gravissimum
555 2751 620 2813 hoc
642 2752 842 2835 exemplum
866 2774 901 2814 ss
923 2755 1187 2837 compositurus,
1220 2774 1276 2817 eas

225 2860 331 2905 multu
351 2860 411 2902 sua
430 2838 535 2900 octies
553 2838 605 2900 vel
627 2837 736 2901 decies
753 2838 971 2924 descripsisse
991 2840 1133 2905 dicatur.
1157 2857 1189 2902 v.
1201 2838 1278 2902 Lu·

225 2928 312 2988 clau.
333 2926 494 2990 adversus
515 2923 697 2988 ludentum
715 2922 760 2987 T.
772 2921 814 2987 lt.
835 2947 867 3011 p.
882 2924 954 2990 380.
979 2923 1023 2988 cf.
1036 2923 1106 2988 Cic.
1121 2925 1163 2989 de
1176 2922 1276 2989 Orat.

224 3013 266 3078 ll.
286 3012 333 3076 13.
357 3011 464 3075 l’auln
481 3011 582 3074 aliter
600 3021 711 3075 tamen
729 3011 820 3075 idem
833 3013 979 3076 sentitin
993 3009 1091 3076 Orat.
1104 3033 1132 3080 c.
1142 3035 1172 3102 9.
1189 3010 1277 3101 §.iu

225 3101 423 3166 DiscrImen
454 3107 566 3160 autem
601 3099 693 3162 iuter·
721 3098 939 3163 Herodotum
970 3109 1003 3162 et
1032 3097 1277 3185 Thucydidem

225 3198 325 3250 acute
344 3185 393 3247 dis
422 3184 494 3248 exit
513 3194 547 3247 et
569 3183 742 3267 eleganter
762 3185 943 3248 declararit
963 3184 1015 3249 bis
1037 3183 1146 3248 verbis
1161 3184 1277 3264 Quin·

224 3207 424 3337 tilianuaX).
442 3293 467 3338 1.
483 3270 539 3356 73:
563 3271 773 3348 „Historiam
793 3271 892 3334 multi
909 3273 1074 3360 scripsere
1092 3273 1277 3358 praeclara,

226 3358 286 3425 sed
319 3378 422 3421 nemo
455 3354 587 3420 dubitat
619 3356 706 3420 duos
737 3355 840 3442 louge
869 3359 989 3422 ceteris
1022 3357 1277 3447 praeferendos,

227 3466 375 3534 quorum
398 3443 528 3508 diversa
558 3444 667 3508 virtus
689 3443 826 3507 laudem
850 3465 956 3532 paene
977 3456 1028 3508 est
1048 3465 1166 3533 parent
1190 3467 1277 3509 con-

226 3541 353 3596 secuta.
384 3528 524 3596 Densus
540 3540 573 3593 et
588 3531 715 3605 brevis,
739 3541 773 3593 et
787 3553 856 3595 sein
885 3534 1070 3596 erz'nstnns
1085 3522 1156 3596 sibi
1178 3530 1277 3596 Thu-

226 3618 382 3706 cydides:
414 3616 525 3682 dulcis
542 3628 576 3680 et
596 3617 768 3681 candidus
789 3630 823 3681 et
861 3641 942 3682 ustis
962 3618 1186 3682 Herodotus:
1218 3617 1277 3681 ille

226 3703 430 3779 concitatis,
453 3703 508 3767 hic
524 3705 678 3768 remissis
698 3702 883 3853 uffctibus
900 3704 1040 3783 meli0r3
1061 3703 1119 3767 ille
1137 3704 1276 3769 concio-

227 3791 347 3865 nibus,
371 3788 427 3852 hio
445 3790 676 3868 sermonibus,
699 3790 712 3851 i
738 3791 829 3867 evi,
855 3790 911 3853 bic
931 3793 1148 3880 voluptute.“

293 3876 446 3943 Historia
465 3874 707 3965 'fliucydidea,
740 3877 796 3939 cui
814 3876 999 3964 descriptio
1017 3880 1153 3961 egregia
1169 3886 1275 3940 status

229 3961 459 4043 Graecorum,
491 3963 533 4027 ab
556 3962 799 4047 antiquissimis
825 3963 906 4027 inde
929 3974 998 4026 tem
1025 3962 1140 4026 oribus
1166 3984 1275 4048 usque

227 4052 269 4115 ad
293 4051 428 4116 Persice
457 4049 563 4127 bella,
603 4051 850 4136 praemittitur,
870 4049 969 4133 ‘belli
996 3986 1278 4136 ieloponuesiaci

227 4156 346 4206 ceusu
365 4158 593 4229 persequens,
615 4158 707 4203 anno
725 4147 804 4203 ante
822 4136 903 4202 belli
921 4136 1024 4201 bailus
1044 4138 1182 4202 initium
1203 4135 1277 4224 (01.

1026 4243 1064 4288 12
