2942 4875
224 253 281 312 f

264 479 266 488 Ι
384 410 658 463 amarancnvs.
681 409 821 460 cnaras
839 407 1033 458 nannoras
1187 389 1231 480 39

187 552 338 617 delectus
358 559 392 612 et
412 569 589 628 censuras,
622 551 711 632 quas‘
731 544 889 630 deinceps
914 543 1057 610 absolvit
1076 542 1230 609 Aristar.

187 638 289 715 chus,
322 636 417 700 toties
439 632 537 700 nobis
563 637 730 710 laudatas,
762 633 924 708 instituit,
964 633 1066 696 crisin
1090 629 1231 698 histori-

188 746 263 788 cam
276 719 457 787 auctorum
469 720 650 805 diligenter
662 718 824 795 exercuit,
842 716 1108 782 Grammaticam
1120 715 1231 780 Grae-

187 832 245 874 cae
265 809 401 894 lingnaa
415 806 606 872 studiosius
627 805 799 881 tractavit,
834 816 1035 869 accentuum
1066 816 1100 868 et
1128 806 1232 890 apiri-

187 906 287 960 tuum
307 895 516 959 notationem
544 903 643 978 atque
664 894 977 977 interpunctionem
1006 891 1156 970 iravenit3
1188 901 1230 968 ct,

187 992 267 1068 post
297 979 559 1061 Callimachum,
606 977 647 1042 ad
675 976 961 1066 philosophorum
991 989 1024 1040 et
1054 976 1232 1040 rhetorum

187 1069 402 1155 exemplum,
434 1061 588 1131 scholam
617 1068 873 1150 grammaticam
892 1064 1121 1128 Alexandriae
1150 1085 1233 1149 ape.

189 1156 275 1231 ruit,
307 1176 350 1217 ex
379 1176 443 1239 qua
475 1152 661 1239 discipulus
694 1152 848 1215 omnium
878 1145 1083 1216 clarissimus
1106 1151 1233 1236 prodiit

189 1241 427 1307 Aristarchus.
450 1237 483 1302 la
494 1238 556 1302 snb
571 1236 712 1302 Ptolem.
724 1237 786 1301 vt.
805 1237 1050 1316 Philometore,
1074 1238 1162 1300 circa
1174 1234 1237 1300 Ols

189 1326 314 1391 CLVI.
327 1350 355 1393 a.
368 1325 431 1390 Ch.
449 1315 681 1402 multones,
702 1333 831 1386 tautam
849 1324 992 1408 ingenii,
1015 1324 1188 1388 doctrinae
1199 1332 1234 1386 et

185 1413 304 1478 indicii
323 1413 566 1496 elegantissimi
583 1409 885 1485 existimationem,
909 1410 1151 1494 discipulorum
1166 1410 1233 1472 im.

188 1500 307 1587 primia
331 1498 468 1577 studiis,
497 1493 587 1583 apud
607 1517 726 1560 omnes
750 1493 916 1577 eruditos,
941 1495 1091 1561 Graecos
1113 1505 1146 1560 at
1165 1494 1234 1559 La·
1350 1492 1355 1506 ¹

186 1591 298 1662 tinas,
329 1585 393 1648 sibi
424 1583 632 1660 conciliavit,
664 1592 703 1645 ut
733 1580 806 1645 eiua
839 1602 967 1647 nomeu
997 1582 1078 1645 artis
1097 1583 1234 1648 criticae

190 1672 203 1737 i
229 1676 298 1734 sius
321 1670 563 1757 peritissimum
587 1689 755 1755 quemque
777 1668 976 1754 designaret.
999 1665 1172 1731 sitierat.
1187 1669 1233 1733 A.

190 1694 322 1822 thaso.
342 1754 413 1820 cie.
430 1756 521 1843 Epp.
538 1756 581 1819 ad
596 1753 702 1819 Attio.
724 1752 751 1821 1.
774 1761 822 1819 rt.
852 1759 1016 1820 Attamen
1044 1754 1084 1817 da
1111 1751 1234 1818 DCCC
1313 1761 1318 1770 “

189 1842 443 1906 commentariis
461 1842 691 1927 grammaticis
704 1849 737 1903 et
754 1841 895 1923 criticis,
919 1862 1003 1926 quos
1014 1842 1237 1914 concinnasse
1304 1897 1312 1924 4

193 1930 319 1992 dicitur
337 1929 479 2005 scidae,
502 1927 589 1992 nihil
609 1926 681 1992 fere
702 1927 743 1991 ad
762 1949 826 1992 nos
844 1928 1002 2015 pervenit
1024 1938 1157 2014 praeter
1177 1947 1236 1990 re-

183 2016 309 2102 'liqnias
332 2015 460 2079 Iliadis
486 2013 711 2088 recensionis,
744 2020 840 2077 cuius
859 2013 1003 2092 insignia
1024 2025 1058 2076 et
1078 2014 1156 2077 satia
1175 2034 1237 2077 co«
1308 2045 1314 2050 ·

188 2103 285 2190 piosa
317 2100 508 2186 fragmenta
530 2099 663 2163 Scholia
685 2099 818 2164 Veneta
846 2100 882 2162 in
904 2099 1098 2166 Homerum
1127 2121 1235 2185 nuper

187 2186 322 2273 vulgata
344 2196 531 2252 servarunt
575 2184 747 2250 Eumdem
768 2185 882 2250 iliadis
912 2196 946 2248 et
967 2182 1139 2272 Odysseae
1159 2184 1236 2250 for-

187 2296 280 2340 mam
299 2281 333 2338 at
352 2274 635 2361 compositionem
665 2273 755 2335 banc
787 2271 927 2355 politam
959 2281 992 2334 et
1021 2274 1235 2352 concinnam,
1313 2300 1316 2304 ·

189 2381 291 2448 quam
316 2360 351 2423 in
372 2370 517 2445 utroque
537 2358 689 2422 carmina
710 2357 921 2421 admiramur
940 2377 1075 2437 omnes,
1098 2360 1236 2424 tandem

189 2447 389 2527 absolvisse,
423 2456 456 2509 et
480 2443 562 2508 haec
583 2466 686 2530 opera
708 2445 778 2508 duo
805 2449 840 2509 in
871 2454 1018 2530 quatuor
1046 2466 1085 2509 ac
1113 2447 1236 2531 viginti

175 2531 393 2617 'rhapsodias
413 2533 580 2612 divisisse,
605 2542 757 2596 veterum
776 2531 830 2595 vel
843 2530 1154 2597 Grammaticorum
1172 2554 1237 2596 au·

190 2621 344 2683 ctoritate
370 2615 531 2682 affirmari
557 2618 644 2681 licat.
686 2616 766 2682 Vid.
782 2617 933 2705 Woljiua
952 2618 1015 2685 te.
1033 2641 1067 2707 p.
1080 2618 1235 2685 aennon

189 2705 482 2804 luter-pretationis
495 2715 623 2781 autem,
647 2724 711 2789 qua
731 2725 812 2767 usus
830 2715 918 2784 erat,
941 2703 1072 2768 sobriae
1094 2728 1132 2769 ac
1152 2729 1237 2795 pro-

192 2792 313 2856 babilis
335 2791 476 2855 virtutes
497 2813 539 2855 ex
562 2790 728 2855 Strabone
748 2790 772 2854 l.
798 2791 893 2876 pti.
918 2792 1033 2875 colligi
1054 2804 1205 2876 possunt.

254 2877 446 2942 Aristarchi
467 2877 630 2965 aequalis,
654 2879 807 2941 aemulus
827 2875 1087 2942 etadversarius
1107 2880 1237 2944 acerri-

189 2986 266 3028 mus
286 2964 407 3030 Crates
431 2964 496 3029 fuit
515 2965 686 3030 Mallotea
698 2961 807 3042 Cilix,
830 2966 889 3051 qui
909 2964 1062 3028 scholam
1082 2966 1237 3053 discipu-

187 3051 302 3115 lorum
323 3050 515 3114 celebritate
533 3051 773 3114 Aristarcheae
797 3050 944 3115 similem
965 3051 1134 3138 Pergami
1150 3076 1236 3120 con·
1271 3124 1274 3131 ,

188 3137 312 3200 didisse
330 3137 480 3220 videtur,
503 3148 536 3200 et
549 3136 705 3213 ‚Romam
725 3136 971 3201 Grammaticea
989 3140 1141 3204 studium
1160 3146 1256 3226 pri-s

188 3245 264 3287 mus
285 3223 415 3310 intulit,
449 3222 490 3287 ad
513 3221 678 3303 Senatum
699 3225 821 3288 missus
841 3224 972 3307 legatus
994 3222 1035 3286 ab
1058 3224 1175 3291 Attalo
1193 3226 1237 3290 ll.

189 3310 349 3395 Pergami
370 3330 465 3394 rege,
488 3311 547 3395 qui
567 3311 680 3396 coepit
697 3332 841 3395 regnare
855 3308 910 3374 Ol.
926 3307 1035 3373 CLV.
1049 3332 1078 3374 a,
1090 3312 1131 3376 ab
1142 3311 1235 3378 V.0.

189 3398 263 3484 595.
279 3395 497 3470 VidSueton.
511 3397 552 3459 de
569 3397 617 3460 ill.
631 3395 785 3462 Gramm.
800 3418 827 3459 c.
840 3418 870 3461 a.
885 3394 918 3459 A
931 3393 1050 3476 Suida,
1074 3399 1132 3481 qui
1144 3397 1237 3467 Stoi?

191 3505 269 3546 cum
297 3504 376 3545 enm
398 3481 566 3569 appellat,
599 3480 772 3566 (Straboni
784 3480 893 3560 xlv.
942 3479 1040 3567 .676.
1069 3484 1238 3549 Panaetii
1324 3502 1327 3509 ’

192 3569 304 3633 Stoici
327 3568 487 3653 magister
508 3568 643 3654 dicitur)
677 3569 884 3634 recensionis
908 3505 1037 3633 lltactis
1059 3581 1094 3635 et
1125 3570 1237 3648 Odys·

188 3678 267 3719 aene
286 3677 407 3725 novem
428 3653 534 3719 libras
551 3654 821 3740 complectentis,
845 3656 1056 3740 aliorumque
1069 3655 1237 3723 librorum

189 3753 310 3806 auctor
357 3740 539 3806 erbibetur.
585 3741 652 3805 Sed
673 3751 838 3829 quantum
860 3742 1065 3807 Aristarcho
1087 3754 1120 3807 et
1139 3744 1238 3831 inge·

190 3832 249 3892 nio
269 3837 302 3889 et
347 3827 475 3890 octrina
495 3823 638 3892 inferior
657 3825 763 3892 fuerit
778 3829 914 3893 criticus
932 3837 965 3891 et
980 3828 1169 3917 interpres,
1191 3851 1237 3895 ex
1288 3850 1293 3859 “

188 3914 306 4004 paucis
329 3913 618 4001 interpretationis
650 3914 721 3980 aius
751 3916 900 4001 vestigiis
923 3915 1015 4001 apud
1033 3916 1236 3982 Strabonem

189 4001 341 4086 aliosque
362 4011 493 4064 constat
510 3999 660 4083 abunde,
683 4011 715 4067 at
731 4023 844 4091 nuper
855 3999 1039 4088 probatum
1050 4003 1111 4070 ivit
1129 4003 1237 4087 W012

190 4082 259 4165 fias
280 4086 339 4150 l.l.
361 4088 530 4179 p.278aq.
600 4172 604 4177 .
717 4112 720 4119 ·
