<?xml version="1.0" encoding="UTF-8"?>
<!DOCTYPE html PUBLIC "-//W3C//DTD XHTML 1.0 Transitional//EN"
    "http://www.w3.org/TR/xhtml1/DTD/xhtml1-transitional.dtd">
<html xmlns="http://www.w3.org/1999/xhtml" xml:lang="en" lang="en">
 <head>
  <title>
</title>
<meta http-equiv="Content-Type" content="text/html;charset=utf-8" />
  <meta name='ocr-system' content='tesseract 3.04.00' />
  <meta name='ocr-capabilities' content='ocr_page ocr_carea ocr_par ocr_line ocrx_word'/>
</head>
<body>
  <div class='ocr_page' id='page_1' title='image "./initiahistoriae00grodgoog_0047.png"; bbox 0 0 2942 4875; ppageno 0'>
   <div class='ocr_carea' id='block_1_1' title="bbox 511 438 983 490">
    <p class='ocr_par' dir='ltr' id='par_1_1' title="bbox 511 438 983 490">
     <span class='ocr_line' id='line_1_1' title="bbox 511 438 983 490; baseline 0 -2"><span class='ocrx_word' id='word_1_1' title='bbox 511 440 712 490; x_wconf 66' lang='lat' dir='ltr'>rotule</span> <span class='ocrx_word' id='word_1_2' title='bbox 741 438 983 488; x_wconf 70' lang='lat' dir='ltr'>crctlct·</span> 
     </span>
    </p>
   </div>
   <div class='ocr_carea' id='block_1_2' title="bbox 680 594 783 686">
    <p class='ocr_par' dir='ltr' id='par_1_2' title="bbox 680 594 783 686">
     <span class='ocr_line' id='line_1_2' title="bbox 680 594 783 686; baseline -0.019 -24"><span class='ocrx_word' id='word_1_3' title='bbox 680 594 704 686; x_wconf 67' lang='lat' dir='ltr'>a.</span> <span class='ocrx_word' id='word_1_4' title='bbox 732 599 783 662; x_wconf 73' lang='lat' dir='ltr'>a.</span> 
     </span>
    </p>
   </div>
   <div class='ocr_carea' id='block_1_3' title="bbox 1092 689 1097 718">
    <p class='ocr_par' dir='ltr' id='par_1_3' title="bbox 1092 689 1097 718">
     <span class='ocr_line' id='line_1_3' title="bbox 1092 689 1097 718; baseline 0 0"><span class='ocrx_word' id='word_1_5' title='bbox 1092 689 1097 718; x_wconf 77' lang='lat' dir='ltr'>t</span> 
     </span>
    </p>
   </div>
   <div class='ocr_carea' id='block_1_4' title="bbox 204 764 1338 2151">
    <p class='ocr_par' dir='ltr' id='par_1_4' title="bbox 204 764 1338 2151">
     <span class='ocr_line' id='line_1_4' title="bbox 279 764 1252 857; baseline -0.004 -25"><span class='ocrx_word' id='word_1_6' title='bbox 279 771 478 832; x_wconf 71' lang='lat' dir='ltr'>successere</span> <span class='ocrx_word' id='word_1_7' title='bbox 494 765 572 832; x_wconf 88' lang='lat' dir='ltr'>iude</span> <span class='ocrx_word' id='word_1_8' title='bbox 593 766 1014 857; x_wconf 73' lang='lat' dir='ltr'>aprimisOIympiadibus</span> <span class='ocrx_word' id='word_1_9' title='bbox 1027 767 1102 855; x_wconf 76' lang='lat'><strong>(776</strong></span> <span class='ocrx_word' id='word_1_10' title='bbox 1112 786 1140 829; x_wconf 89' lang='lat' dir='ltr'>a.</span> <span class='ocrx_word' id='word_1_11' title='bbox 1153 764 1252 857; x_wconf 83' lang='lat' dir='ltr'>Chr.)</span> 
     </span>
     <span class='ocr_line' id='line_1_5' title="bbox 209 854 1248 948; baseline -0.004 -28"><span class='ocrx_word' id='word_1_12' title='bbox 209 858 327 948; x_wconf 87' lang='lat' dir='ltr'>plures</span> <span class='ocrx_word' id='word_1_13' title='bbox 357 858 493 942; x_wconf 69' lang='lat' dir='ltr'>poetae,</span> <span class='ocrx_word' id='word_1_14' title='bbox 524 856 598 940; x_wconf 90' lang='lat' dir='ltr'>qui,</span> <span class='ocrx_word' id='word_1_15' title='bbox 630 856 670 918; x_wconf 92' lang='lat' dir='ltr'>ad</span> <span class='ocrx_word' id='word_1_16' title='bbox 696 857 872 920; x_wconf 89' lang='lat' dir='ltr'>laniorum</span> <span class='ocrx_word' id='word_1_17' title='bbox 906 867 1019 919; x_wconf 87' lang='lat' dir='ltr'>vatum</span> <span class='ocrx_word' id='word_1_18' title='bbox 1053 854 1248 939; x_wconf 75' lang='lat' dir='ltr'>principum</span> 
     </span>
     <span class='ocr_line' id='line_1_6' title="bbox 209 941 1251 1030; baseline -0.007 -21"><span class='ocrx_word' id='word_1_19' title='bbox 209 941 402 1030; x_wconf 80' lang='lat' dir='ltr'>exemplar,</span> <span class='ocrx_word' id='word_1_20' title='bbox 427 963 639 1028; x_wconf 87' lang='lat' dir='ltr'>operumque</span> <span class='ocrx_word' id='word_1_21' title='bbox 649 964 734 1028; x_wconf 87' lang='lat' dir='ltr'>quae</span> <span class='ocrx_word' id='word_1_22' title='bbox 748 943 977 1005; x_wconf 87' lang='lat' dir='ltr'>condiderunt</span> <span class='ocrx_word' id='word_1_23' title='bbox 989 943 1084 1027; x_wconf 82' lang='lat' dir='ltr'>quasi</span> <span class='ocrx_word' id='word_1_24' title='bbox 1095 941 1251 1026; x_wconf 84' lang='lat' dir='ltr'>compla-</span> 
     </span>
     <span class='ocr_line' id='line_1_7' title="bbox 211 1028 1251 1117; baseline -0.006 -22"><span class='ocrx_word' id='word_1_25' title='bbox 211 1041 382 1102; x_wconf 82' lang='lat' dir='ltr'>mentum,</span> <span class='ocrx_word' id='word_1_26' title='bbox 409 1051 543 1096; x_wconf 86' lang='lat' dir='ltr'>omnem</span> <span class='ocrx_word' id='word_1_27' title='bbox 560 1050 674 1115; x_wconf 85' lang='lat' dir='ltr'>prope</span> <span class='ocrx_word' id='word_1_28' title='bbox 687 1028 894 1117; x_wconf 80' lang='lat' dir='ltr'>fabularem</span> <span class='ocrx_word' id='word_1_29' title='bbox 913 1029 1124 1091; x_wconf 81' lang='lat' dir='ltr'>Graecorum</span> <span class='ocrx_word' id='word_1_30' title='bbox 1137 1028 1251 1090; x_wconf 76' lang='lat' dir='ltr'>bisto-</span> 
     </span>
     <span class='ocr_line' id='line_1_8' title="bbox 209 1111 1250 1203; baseline -0.005 -22"><span class='ocrx_word' id='word_1_31' title='bbox 209 1117 319 1190; x_wconf 83' lang='lat' dir='ltr'>riam,</span> <span class='ocrx_word' id='word_1_32' title='bbox 337 1117 508 1203; x_wconf 87' lang='lat' dir='ltr'>etpriscas</span> <span class='ocrx_word' id='word_1_33' title='bbox 530 1116 683 1199; x_wconf 83' lang='lat' dir='ltr'>gentium</span> <span class='ocrx_word' id='word_1_34' title='bbox 702 1114 955 1178; x_wconf 80' lang='lat' dir='ltr'>Hellanicarnrn</span> <span class='ocrx_word' id='word_1_35' title='bbox 980 1116 1191 1178; x_wconf 76' lang='lat' dir='ltr'>narrationes</span> <span class='ocrx_word' id='word_1_36' title='bbox 1209 1111 1250 1176; x_wconf 82' lang='lat' dir='ltr'>de</span> 
     </span>
     <span class='ocr_line' id='line_1_9' title="bbox 209 1199 1338 1291; baseline -0.002 -25"><span class='ocrx_word' id='word_1_37' title='bbox 209 1201 365 1287; x_wconf 81' lang='lat' dir='ltr'>stirpium</span> <span class='ocrx_word' id='word_1_38' title='bbox 383 1223 522 1264; x_wconf 88' lang='lat' dir='ltr'>suarum</span> <span class='ocrx_word' id='word_1_39' title='bbox 540 1200 789 1276; x_wconf 69' lang='lat' dir='ltr'>conditoribus,</span> <span class='ocrx_word' id='word_1_40' title='bbox 813 1226 830 1264; x_wconf 91' lang='lat' dir='ltr'>a</span> <span class='ocrx_word' id='word_1_41' title='bbox 845 1204 1101 1291; x_wconf 83' lang='lat' dir='ltr'>primisrerum</span> <span class='ocrx_word' id='word_1_42' title='bbox 1121 1199 1251 1279; x_wconf 84' lang='lat' dir='ltr'>initiis,</span> <span class='ocrx_word' id='word_1_43' title='bbox 1336 1259 1338 1264; x_wconf 91' lang='lat'><em>.</em></span> 
     </span>
     <span class='ocr_line' id='line_1_10' title="bbox 205 1285 1250 1377; baseline -0.008 -24"><span class='ocrx_word' id='word_1_44' title='bbox 205 1311 313 1377; x_wconf 80' lang='lat' dir='ltr'>usque</span> <span class='ocrx_word' id='word_1_45' title='bbox 322 1290 373 1352; x_wconf 84' lang='lat' dir='ltr'>ad</span> <span class='ocrx_word' id='word_1_46' title='bbox 382 1286 528 1352; x_wconf 83' lang='lat' dir='ltr'>mortem</span> <span class='ocrx_word' id='word_1_47' title='bbox 550 1285 679 1358; x_wconf 68' lang='lat' dir='ltr'>Ulysais</span> <span class='ocrx_word' id='word_1_48' title='bbox 691 1287 887 1359; x_wconf 79' lang='lat' dir='ltr'>deductam,</span> <span class='ocrx_word' id='word_1_49' title='bbox 908 1290 1013 1374; x_wconf 81' lang='lat' dir='ltr'>epicis</span> <span class='ocrx_word' id='word_1_50' title='bbox 1027 1288 1057 1350; x_wconf 87' lang='lat' dir='ltr'>h.</span> <span class='ocrx_word' id='word_1_51' title='bbox 1069 1310 1096 1354; x_wconf 88' lang='lat' dir='ltr'>e.</span> <span class='ocrx_word' id='word_1_52' title='bbox 1110 1285 1250 1348; x_wconf 82' lang='lat' dir='ltr'>histori-</span> 
     </span>
     <span class='ocr_line' id='line_1_11' title="bbox 208 1372 1252 1462; baseline -0.004 -25"><span class='ocrx_word' id='word_1_53' title='bbox 208 1376 256 1437; x_wconf 85' lang='lat' dir='ltr'>cis</span> <span class='ocrx_word' id='word_1_54' title='bbox 267 1372 474 1438; x_wconf 70' lang='lat' dir='ltr'><strong>carminibus</strong></span> <span class='ocrx_word' id='word_1_55' title='bbox 486 1372 712 1462; x_wconf 73' lang='lat' dir='ltr'>celebrarent,</span> <span class='ocrx_word' id='word_1_56' title='bbox 732 1377 850 1458; x_wconf 62' lang='lat' dir='ltr'>poeitae</span> <span class='ocrx_word' id='word_1_57' title='bbox 862 1374 983 1460; x_wconf 75' lang='lat' dir='ltr'>cyclici</span> <span class='ocrx_word' id='word_1_58' title='bbox 994 1376 1120 1438; x_wconf 84' lang='lat' dir='ltr'>idcirco</span> <span class='ocrx_word' id='word_1_59' title='bbox 1132 1372 1252 1458; x_wconf 85' lang='lat' dir='ltr'>ap&#39;pcl-</span> 
     </span>
     <span class='ocr_line' id='line_1_12' title="bbox 204 1458 1250 1547; baseline -0.006 -22"><span class='ocrx_word' id='word_1_60' title='bbox 204 1458 285 1539; x_wconf 68' lang='lat' dir='ltr'>lati,</span> <span class='ocrx_word' id='word_1_61' title='bbox 308 1459 547 1546; x_wconf 83' lang='lat' dir='ltr'>quodquidam</span> <span class='ocrx_word' id='word_1_62' title='bbox 557 1480 685 1524; x_wconf 86' lang='lat' dir='ltr'>nomen</span> <span class='ocrx_word' id='word_1_63' title='bbox 700 1461 838 1547; x_wconf 76' lang='lat' dir='ltr'>quando</span> <span class='ocrx_word' id='word_1_64' title='bbox 850 1462 1042 1534; x_wconf 86' lang='lat' dir='ltr'>inventum,</span> <span class='ocrx_word' id='word_1_65' title='bbox 1053 1470 1111 1523; x_wconf 88' lang='lat' dir='ltr'>aut</span> <span class='ocrx_word' id='word_1_66' title='bbox 1127 1484 1149 1523; x_wconf 91' lang='lat' dir='ltr'>a</span> <span class='ocrx_word' id='word_1_67' title='bbox 1162 1481 1250 1546; x_wconf 86' lang='lat' dir='ltr'>quo-</span> 
     </span>
     <span class='ocr_line' id='line_1_13' title="bbox 207 1547 1252 1633; baseline -0.004 -22"><span class='ocrx_word' id='word_1_68' title='bbox 207 1570 293 1611; x_wconf 81' lang='lat' dir='ltr'>nam</span> <span class='ocrx_word' id='word_1_69' title='bbox 304 1547 462 1633; x_wconf 75' lang='lat' dir='ltr'>primum</span> <span class='ocrx_word' id='word_1_70' title='bbox 473 1556 696 1632; x_wconf 80' lang='lat' dir='ltr'>usurpatam,</span> <span class='ocrx_word' id='word_1_71' title='bbox 713 1549 1088 1633; x_wconf 80' lang='lat' dir='ltr'>quorumvepoi‘tarum</span> <span class='ocrx_word' id='word_1_72' title='bbox 1110 1548 1252 1607; x_wconf 86' lang='lat' dir='ltr'>nomina</span> 
     </span>
     <span class='ocr_line' id='line_1_14' title="bbox 208 1615 1252 1729; baseline -0.002 -35"><span class='ocrx_word' id='word_1_73' title='bbox 208 1641 245 1694; x_wconf 91' lang='lat' dir='ltr'>et</span> <span class='ocrx_word' id='word_1_74' title='bbox 255 1645 362 1729; x_wconf 88' lang='lat' dir='ltr'>opera</span> <span class='ocrx_word' id='word_1_75' title='bbox 376 1629 540 1718; x_wconf 71' lang='lat' dir='ltr'>cycloboc</span> <span class='ocrx_word' id='word_1_76' title='bbox 549 1631 792 1717; x_wconf 84' lang='lat' dir='ltr'>comprehensa</span> <span class='ocrx_word' id='word_1_77' title='bbox 804 1631 941 1705; x_wconf 82' lang='lat' dir='ltr'>fuerint,</span> <span class='ocrx_word' id='word_1_78' title='bbox 950 1615 991 1695; x_wconf 86' lang='lat' dir='ltr'>ad</span> <span class='ocrx_word' id='word_1_79' title='bbox 1000 1631 1163 1716; x_wconf 87' lang='lat' dir='ltr'>liquidum</span> <span class='ocrx_word' id='word_1_80' title='bbox 1173 1653 1252 1713; x_wconf 87' lang='lat' dir='ltr'>per-</span> 
     </span>
     <span class='ocr_line' id='line_1_15' title="bbox 210 1716 1252 1802; baseline -0.002 -22"><span class='ocrx_word' id='word_1_81' title='bbox 210 1716 292 1780; x_wconf 78' lang='lat' dir='ltr'>duct</span> <span class='ocrx_word' id='word_1_82' title='bbox 300 1718 425 1802; x_wconf 82' lang='lat' dir='ltr'>nequit.</span> <span class='ocrx_word' id='word_1_83' title='bbox 448 1716 622 1781; x_wconf 74' lang='lat' dir='ltr'>Videntur</span> <span class='ocrx_word' id='word_1_84' title='bbox 634 1717 749 1781; x_wconf 82' lang='lat' dir='ltr'>tamen</span> <span class='ocrx_word' id='word_1_85' title='bbox 767 1742 785 1782; x_wconf 93' lang='lat' dir='ltr'>a</span> <span class='ocrx_word' id='word_1_86' title='bbox 801 1717 1042 1781; x_wconf 77' lang='lat' dir='ltr'><strong>Grammaticis</strong></span> <span class='ocrx_word' id='word_1_87' title='bbox 1062 1719 1097 1781; x_wconf 92' lang='lat' dir='ltr'>in</span> <span class='ocrx_word' id='word_1_88' title='bbox 1109 1719 1252 1794; x_wconf 68' lang='lat' dir='ltr'>cyclica·</span> 
     </span>
     <span class='ocr_line' id='line_1_16' title="bbox 210 1803 1254 1889; baseline -0.004 -21"><span class='ocrx_word' id='word_1_89' title='bbox 210 1804 474 1887; x_wconf 80' lang='lat' dir='ltr'>rumpoe&#39;tarum</span> <span class='ocrx_word' id='word_1_90' title='bbox 493 1825 674 1868; x_wconf 81' lang='lat' dir='ltr'>numerum</span> <span class='ocrx_word' id='word_1_91' title='bbox 685 1805 781 1868; x_wconf 82' lang='lat' dir='ltr'>relati</span> <span class='ocrx_word' id='word_1_92' title='bbox 795 1827 884 1879; x_wconf 84' lang='lat' dir='ltr'>esse,</span> <span class='ocrx_word' id='word_1_93' title='bbox 903 1805 962 1889; x_wconf 86' lang='lat' dir='ltr'>qui</span> <span class='ocrx_word' id='word_1_94' title='bbox 971 1804 1127 1867; x_wconf 88' lang='lat' dir='ltr'>Homero</span> <span class='ocrx_word' id='word_1_95' title='bbox 1136 1813 1168 1863; x_wconf 83' lang='lat' dir='ltr'>et</span> <span class='ocrx_word' id='word_1_96' title='bbox 1179 1803 1254 1864; x_wconf 84' lang='lat' dir='ltr'>He·</span> 
     </span>
     <span class='ocr_line' id='line_1_17' title="bbox 209 1887 1249 1978; baseline 0 -28"><span class='ocrx_word' id='word_1_97' title='bbox 209 1887 306 1951; x_wconf 89' lang='lat' dir='ltr'>siodo</span> <span class='ocrx_word' id='word_1_98' title='bbox 339 1898 445 1952; x_wconf 87' lang='lat' dir='ltr'>aetate</span> <span class='ocrx_word' id='word_1_99' title='bbox 469 1892 640 1977; x_wconf 77' lang='lat' dir='ltr'>proximi,</span> <span class='ocrx_word' id='word_1_100' title='bbox 669 1889 810 1955; x_wconf 88' lang='lat' dir='ltr'>heroico</span> <span class='ocrx_word' id='word_1_101' title='bbox 839 1892 989 1954; x_wconf 78' lang='lat' dir='ltr'>carmine</span> <span class='ocrx_word' id='word_1_102' title='bbox 1018 1898 1249 1978; x_wconf 78' lang='lat' dir='ltr'>exposuerant</span> 
     </span>
     <span class='ocr_line' id='line_1_18' title="bbox 216 1974 1252 2063; baseline 0 -24"><span class='ocrx_word' id='word_1_103' title='bbox 216 1974 450 2063; x_wconf 76' lang='lat' dir='ltr'>Genealogias</span> <span class='ocrx_word' id='word_1_104' title='bbox 470 1977 611 2042; x_wconf 82' lang='lat' dir='ltr'>deorum</span> <span class='ocrx_word' id='word_1_105' title='bbox 630 1988 664 2042; x_wconf 84' lang='lat' dir='ltr'>et</span> <span class='ocrx_word' id='word_1_106' title='bbox 685 1978 843 2055; x_wconf 75' lang='lat' dir='ltr'>heroum,</span> <span class='ocrx_word' id='word_1_107' title='bbox 871 1978 974 2063; x_wconf 81' lang='lat' dir='ltr'>vulgo</span> <span class='ocrx_word' id='word_1_108' title='bbox 999 1976 1252 2060; x_wconf 78' lang='lat' dir='ltr'>Coemogonias</span> 
     </span>
     <span class='ocr_line' id='line_1_19' title="bbox 209 2060 1251 2151; baseline -0.001 -27"><span class='ocrx_word' id='word_1_109' title='bbox 209 2070 244 2124; x_wconf 79' lang='lat' dir='ltr'>et</span> <span class='ocrx_word' id='word_1_110' title='bbox 269 2060 490 2149; x_wconf 76' lang='lat' dir='ltr'>leeogcniaa</span> <span class='ocrx_word' id='word_1_111' title='bbox 507 2062 631 2140; x_wconf 86' lang='lat' dir='ltr'>dictas,</span> <span class='ocrx_word' id='word_1_112' title='bbox 647 2083 753 2151; x_wconf 85' lang='lat' dir='ltr'>porro</span> <span class='ocrx_word' id='word_1_113' title='bbox 781 2063 1085 2141; x_wconf 78' lang='lat' dir='ltr'>Titanomaclrias,</span> <span class='ocrx_word' id='word_1_114' title='bbox 1108 2064 1251 2148; x_wconf 80' lang='lat' dir='ltr'>Gigan-</span> 
     </span>
    </p>
   </div>
   <div class='ocr_carea' id='block_1_5' title="bbox 211 2149 1254 2238">
    <p class='ocr_par' dir='ltr' id='par_1_5' title="bbox 211 2149 1254 2238">
     <span class='ocr_line' id='line_1_20' title="bbox 211 2149 1254 2238; baseline -0.001 -27"><span class='ocrx_word' id='word_1_115' title='bbox 211 2149 423 2225; x_wconf 73' lang='lat' dir='ltr'>tomaclaas,</span> <span class='ocrx_word' id='word_1_116' title='bbox 443 2151 706 2235; x_wconf 79' lang='lat' dir='ltr'>Argonautica,</span> <span class='ocrx_word' id='word_1_117' title='bbox 731 2150 963 2238; x_wconf 73' lang='lat' dir='ltr'>Dionysiaca,</span> <span class='ocrx_word' id='word_1_118' title='bbox 990 2150 1203 2214; x_wconf 73' lang='lat' dir='ltr'><em>Thebaidem</em></span> <span class='ocrx_word' id='word_1_119' title='bbox 1220 2157 1254 2210; x_wconf 83' lang='lat' dir='ltr'>et</span> 
     </span>
    </p>
   </div>
   <div class='ocr_carea' id='block_1_6' title="bbox 210 2232 1253 2470">
    <p class='ocr_par' dir='ltr' id='par_1_6' title="bbox 210 2232 1253 2470">
     <span class='ocr_line' id='line_1_21' title="bbox 210 2232 1253 2345; baseline 0 -47"><span class='ocrx_word' id='word_1_120' title='bbox 210 2232 416 2345; x_wconf 80' lang='lat' dir='ltr'>Epigonos,</span> <span class='ocrx_word' id='word_1_121' title='bbox 452 2237 687 2336; x_wconf 67' lang='lat' dir='ltr'>Amaaonica,</span> <span class='ocrx_word' id='word_1_122' title='bbox 740 2235 995 2335; x_wconf 52' lang='lat' dir='ltr'>lfflzoronidem</span> <span class='ocrx_word' id='word_1_123' title='bbox 1040 2237 1253 2335; x_wconf 81' lang='lat' dir='ltr'>Heracleas,</span> 
     </span>
     <span class='ocr_line' id='line_1_22' title="bbox 250 2319 1253 2470; baseline 0.003 -89"><span class='ocrx_word' id='word_1_124' title='bbox 250 2319 438 2396; x_wconf 80' lang='lat' dir='ltr'>lteset&#39;clem,</span> <span class='ocrx_word' id='word_1_125' title='bbox 462 2322 686 2470; x_wconf 57' lang='lat' dir='ltr'>AJtmcum,</span> <span class='ocrx_word' id='word_1_126' title='bbox 710 2322 931 2410; x_wconf 78' lang='lat' dir='ltr'>Minyadem,</span> <span class='ocrx_word' id='word_1_127' title='bbox 958 2321 1253 2400; x_wconf 86' lang='lat' dir='ltr'>Alcmaeomdem,</span> 
     </span>
    </p>
   </div>
   <div class='ocr_carea' id='block_1_7' title="bbox 217 2318 240 2383">
    <p class='ocr_par' dir='ltr' id='par_1_7' title="bbox 217 2318 240 2383">
     <span class='ocr_line' id='line_1_23' title="bbox 217 2318 240 2383; baseline 0 0"><span class='ocrx_word' id='word_1_128' title='bbox 217 2318 240 2383; x_wconf 82' lang='grc' dir='ltr'><em>Ί</em></span> 
     </span>
    </p>
   </div>
   <div class='ocr_carea' id='block_1_8' title="bbox 182 2404 1269 4237">
    <p class='ocr_par' dir='ltr' id='par_1_8' title="bbox 182 2404 1269 4237">
     <span class='ocr_line' id='line_1_24' title="bbox 210 2404 1254 2494; baseline -0.002 -23"><span class='ocrx_word' id='word_1_129' title='bbox 210 2404 423 2494; x_wconf 80' lang='lat' dir='ltr'>Eurupiam‚</span> <span class='ocrx_word' id='word_1_130' title='bbox 445 2404 495 2472; x_wconf 91' lang='lat' dir='ltr'>Oe</span> <span class='ocrx_word' id='word_1_131' title='bbox 520 2409 534 2471; x_wconf 93' lang='lat' dir='ltr'>i</span> <span class='ocrx_word' id='word_1_132' title='bbox 558 2409 696 2493; x_wconf 68' lang='lat' dir='ltr'>odeam3</span> <span class='ocrx_word' id='word_1_133' title='bbox 718 2419 792 2472; x_wconf 89' lang='lat' dir='ltr'>tum</span> <span class='ocrx_word' id='word_1_134' title='bbox 813 2430 930 2472; x_wconf 88' lang='lat' dir='ltr'>rerum</span> <span class='ocrx_word' id='word_1_135' title='bbox 948 2408 1182 2474; x_wconf 79' lang='lat' dir='ltr'>Troianorum</span> <span class='ocrx_word' id='word_1_136' title='bbox 1200 2407 1254 2470; x_wconf 85' lang='lat' dir='ltr'>fa-</span> 
     </span>
     <span class='ocr_line' id='line_1_25' title="bbox 211 2432 1255 2581; baseline 0.004 -28"><span class='ocrx_word' id='word_1_137' title='bbox 211 2490 333 2570; x_wconf 84' lang='lat' dir='ltr'>bulas,</span> <span class='ocrx_word' id='word_1_138' title='bbox 380 2514 442 2556; x_wconf 90' lang='lat' dir='ltr'>uae</span> <span class='ocrx_word' id='word_1_139' title='bbox 462 2432 566 2557; x_wconf 70' lang='lat' dir='ltr'>Iliade</span> <span class='ocrx_word' id='word_1_140' title='bbox 586 2505 619 2557; x_wconf 89' lang='lat' dir='ltr'>et</span> <span class='ocrx_word' id='word_1_141' title='bbox 635 2494 788 2581; x_wconf 75' lang='lat' dir='ltr'>Odyssea</span> <span class='ocrx_word' id='word_1_142' title='bbox 811 2497 965 2559; x_wconf 88' lang='lat' dir='ltr'>noudum</span> <span class='ocrx_word' id='word_1_143' title='bbox 980 2504 1091 2559; x_wconf 78' lang='lat' dir='ltr'>essent</span> <span class='ocrx_word' id='word_1_144' title='bbox 1111 2503 1255 2557; x_wconf 56' lang='lat' dir='ltr'>conten*</span> 
     </span>
     <span class='ocr_line' id='line_1_26' title="bbox 209 2516 1252 2670; baseline 0.006 -29"><span class='ocrx_word' id='word_1_145' title='bbox 209 2587 282 2656; x_wconf 78' lang='lat' dir='ltr'>tae,</span> <span class='ocrx_word' id='word_1_146' title='bbox 311 2516 499 2666; x_wconf 79' lang='lat' dir='ltr'>quibusque</span> <span class='ocrx_word' id='word_1_147' title='bbox 527 2603 774 2667; x_wconf 84' lang='lat' dir='ltr'>nonnunquam</span> <span class='ocrx_word' id='word_1_148' title='bbox 794 2582 964 2667; x_wconf 77' lang='lat' dir='ltr'>singulare</span> <span class='ocrx_word' id='word_1_149' title='bbox 983 2581 1079 2670; x_wconf 45' lang='lat' dir='ltr'>Officii</span> <span class='ocrx_word' id='word_1_150' title='bbox 1103 2579 1252 2647; x_wconf 81' lang='lat' dir='ltr'>Troiani</span> 
     </span>
     <span class='ocr_line' id='line_1_27' title="bbox 215 2666 1250 2732; baseline 0 -4"><span class='ocrx_word' id='word_1_151' title='bbox 215 2686 347 2728; x_wconf 86' lang='lat' dir='ltr'>nomen</span> <span class='ocrx_word' id='word_1_152' title='bbox 374 2666 522 2729; x_wconf 87' lang='lat' dir='ltr'>inditum</span> <span class='ocrx_word' id='word_1_153' title='bbox 555 2688 626 2730; x_wconf 86' lang='lat' dir='ltr'>esse</span> <span class='ocrx_word' id='word_1_154' title='bbox 649 2669 820 2732; x_wconf 70' lang='lat' dir='ltr'>videmus.¹</span> <span class='ocrx_word' id='word_1_155' title='bbox 858 2667 1018 2731; x_wconf 75' lang='lat' dir='ltr'>Carmina</span> <span class='ocrx_word' id='word_1_156' title='bbox 1040 2667 1125 2730; x_wconf 86' lang='lat' dir='ltr'>haec</span> <span class='ocrx_word' id='word_1_157' title='bbox 1145 2668 1250 2729; x_wconf 90' lang='lat' dir='ltr'>innu-</span> 
     </span>
     <span class='ocr_line' id='line_1_28' title="bbox 210 2751 1253 2819; baseline 0 -2"><span class='ocrx_word' id='word_1_158' title='bbox 210 2772 306 2817; x_wconf 87' lang='lat' dir='ltr'>mera</span> <span class='ocrx_word' id='word_1_159' title='bbox 343 2751 385 2813; x_wconf 84' lang='lat' dir='ltr'>ad</span> <span class='ocrx_word' id='word_1_160' title='bbox 406 2774 515 2817; x_wconf 89' lang='lat' dir='ltr'>unum</span> <span class='ocrx_word' id='word_1_161' title='bbox 543 2752 617 2817; x_wconf 81' lang='lat' dir='ltr'>fere</span> <span class='ocrx_word' id='word_1_162' title='bbox 649 2757 763 2819; x_wconf 87' lang='lat' dir='ltr'>omnia</span> <span class='ocrx_word' id='word_1_163' title='bbox 787 2757 998 2819; x_wconf 85' lang='lat' dir='ltr'>interierunt.</span> <span class='ocrx_word' id='word_1_164' title='bbox 1045 2753 1109 2816; x_wconf 87' lang='lat' dir='ltr'>Sed</span> <span class='ocrx_word' id='word_1_165' title='bbox 1131 2775 1253 2819; x_wconf 89' lang='lat' dir='ltr'>eorum</span> 
     </span>
     <span class='ocr_line' id='line_1_29' title="bbox 212 2836 1253 2925; baseline 0 -23"><span class='ocrx_word' id='word_1_166' title='bbox 212 2839 291 2902; x_wconf 84' lang='lat' dir='ltr'>satis</span> <span class='ocrx_word' id='word_1_167' title='bbox 316 2836 475 2923; x_wconf 83' lang='lat' dir='ltr'>frequens</span> <span class='ocrx_word' id='word_1_168' title='bbox 501 2840 684 2921; x_wconf 85' lang='lat' dir='ltr'>memoria,</span> <span class='ocrx_word' id='word_1_169' title='bbox 708 2841 954 2905; x_wconf 87' lang='lat' dir='ltr'>nonnullorum</span> <span class='ocrx_word' id='word_1_170' title='bbox 981 2848 1197 2925; x_wconf 80' lang='lat' dir='ltr'>argumenta,</span> <span class='ocrx_word' id='word_1_171' title='bbox 1219 2849 1253 2903; x_wconf 90' lang='lat' dir='ltr'>et</span> 
     </span>
     <span class='ocr_line' id='line_1_30' title="bbox 209 2924 1253 3014; baseline 0.001 -26"><span class='ocrx_word' id='word_1_172' title='bbox 209 2925 415 3014; x_wconf 88' lang='lat' dir='ltr'>paucissima</span> <span class='ocrx_word' id='word_1_173' title='bbox 436 2924 641 3013; x_wconf 81' lang='lat' dir='ltr'>fragmenta,</span> <span class='ocrx_word' id='word_1_174' title='bbox 665 2951 742 2993; x_wconf 87' lang='lat' dir='ltr'>cum</span> <span class='ocrx_word' id='word_1_175' title='bbox 767 2928 961 2993; x_wconf 86' lang='lat' dir='ltr'>nominibus</span> <span class='ocrx_word' id='word_1_176' title='bbox 985 2929 1115 3012; x_wconf 87' lang='lat' dir='ltr'>aliquot</span> <span class='ocrx_word' id='word_1_177' title='bbox 1134 2929 1253 3013; x_wconf 83' lang='lat' dir='ltr'>po&#39;c&#39;ta·</span> 
     </span>
     <span class='ocr_line' id='line_1_31' title="bbox 194 3012 1254 3098; baseline 0 -23"><span class='ocrx_word' id='word_1_178' title='bbox 194 3012 309 3087; x_wconf 52' lang='lat' dir='ltr'>sum,</span> <span class='ocrx_word' id='word_1_179' title='bbox 342 3015 561 3077; x_wconf 86' lang='lat' dir='ltr'>ecommuai</span> <span class='ocrx_word' id='word_1_180' title='bbox 587 3015 654 3080; x_wconf 92' lang='lat' dir='ltr'>hoc</span> <span class='ocrx_word' id='word_1_181' title='bbox 683 3014 862 3098; x_wconf 80' lang='lat' dir='ltr'>naufragio</span> <span class='ocrx_word' id='word_1_182' title='bbox 888 3026 1016 3083; x_wconf 86' lang='lat' dir='ltr'>servata</span> <span class='ocrx_word' id='word_1_183' title='bbox 1048 3027 1135 3079; x_wconf 79' lang='lat' dir='ltr'>sunt.</span> <span class='ocrx_word' id='word_1_184' title='bbox 1184 3014 1254 3076; x_wconf 87' lang='lat' dir='ltr'>Mi·</span> 
     </span>
     <span class='ocr_line' id='line_1_32' title="bbox 213 3096 1256 3189; baseline 0.001 -28"><span class='ocrx_word' id='word_1_185' title='bbox 213 3104 286 3162; x_wconf 86' lang='lat' dir='ltr'>tior</span> <span class='ocrx_word' id='word_1_186' title='bbox 320 3096 403 3161; x_wconf 88' lang='lat' dir='ltr'>haec</span> <span class='ocrx_word' id='word_1_187' title='bbox 433 3122 507 3164; x_wconf 89' lang='lat' dir='ltr'>sors</span> <span class='ocrx_word' id='word_1_188' title='bbox 542 3103 709 3189; x_wconf 76' lang='lat' dir='ltr'>imprimiq</span> <span class='ocrx_word' id='word_1_189' title='bbox 733 3100 858 3165; x_wconf 84' lang='lat' dir='ltr'>affulsit</span> <span class='ocrx_word' id='word_1_190' title='bbox 883 3101 968 3188; x_wconf 80' lang='lat' dir='ltr'><em>cycli</em></span> <span class='ocrx_word' id='word_1_191' title='bbox 1004 3100 1154 3165; x_wconf 85' lang='lat' dir='ltr'>Troiani</span> <span class='ocrx_word' id='word_1_192' title='bbox 1174 3098 1256 3162; x_wconf 87' lang='lat' dir='ltr'>dicti</span> 
     </span>
     <span class='ocr_line' id='line_1_33' title="bbox 213 3184 1253 3273; baseline -0.003 -23"><span class='ocrx_word' id='word_1_193' title='bbox 213 3184 308 3250; x_wconf 74' lang='grc' dir='ltr'><strong><em>ἔπεσι</em></strong></span> <span class='ocrx_word' id='word_1_194' title='bbox 332 3194 365 3246; x_wconf 87' lang='lat' dir='ltr'>et</span> <span class='ocrx_word' id='word_1_195' title='bbox 384 3186 508 3272; x_wconf 76' lang='lat' dir='ltr'>poetis:</span> <span class='ocrx_word' id='word_1_196' title='bbox 538 3190 699 3273; x_wconf 86' lang='lat' dir='ltr'>equibus</span> <span class='ocrx_word' id='word_1_197' title='bbox 721 3189 911 3251; x_wconf 72' lang='lat' dir='ltr'>accuratius</span> <span class='ocrx_word' id='word_1_198' title='bbox 953 3210 1043 3251; x_wconf 86' lang='lat' dir='ltr'>nunc</span> <span class='ocrx_word' id='word_1_199' title='bbox 1072 3188 1253 3267; x_wconf 78' lang='lat' dir='ltr'>cognosci·</span> 
     </span>
     <span class='ocr_line' id='line_1_34' title="bbox 212 3269 1253 3364; baseline -0.001 -28"><span class='ocrx_word' id='word_1_200' title='bbox 212 3293 290 3336; x_wconf 86' lang='lat' dir='ltr'>mus</span> <span class='ocrx_word' id='word_1_201' title='bbox 322 3269 453 3360; x_wconf 82' lang='lat' dir='ltr'>Cypria</span> <span class='ocrx_word' id='word_1_202' title='bbox 488 3277 640 3341; x_wconf 84' lang='lat' dir='ltr'>carmina</span> <span class='ocrx_word' id='word_1_203' title='bbox 671 3273 729 3364; x_wconf 83' lang='grc' dir='ltr'>(τὰ</span> <span class='ocrx_word' id='word_1_204' title='bbox 757 3274 894 3359; x_wconf 77' lang='grc' dir='ltr'><strong><em>Κύπρια</em></strong></span> <span class='ocrx_word' id='word_1_205' title='bbox 924 3274 998 3355; x_wconf 65' lang='grc' dir='ltr'>ἔπη)</span> <span class='ocrx_word' id='word_1_206' title='bbox 1021 3272 1069 3337; x_wconf 91' lang='lat' dir='ltr'>Xl</span> <span class='ocrx_word' id='word_1_207' title='bbox 1091 3274 1205 3349; x_wconf 86' lang='lat' dir='ltr'>libris,</span> <span class='ocrx_word' id='word_1_208' title='bbox 1234 3293 1253 3335; x_wconf 82' lang='lat' dir='ltr'>a</span> 
     </span>
     <span class='ocr_line' id='line_1_35' title="bbox 215 3357 1250 3462; baseline -0.002 -37"><span class='ocrx_word' id='word_1_209' title='bbox 215 3357 355 3425; x_wconf 81' lang='lat' dir='ltr'>Naevio</span> <span class='ocrx_word' id='word_1_210' title='bbox 390 3357 550 3423; x_wconf 87' lang='lat' dir='ltr'>Romano</span> <span class='ocrx_word' id='word_1_211' title='bbox 589 3361 688 3449; x_wconf 77' lang='lat' dir='ltr'>po&#39;e‘ta</span> <span class='ocrx_word' id='word_1_212' title='bbox 726 3363 963 3462; x_wconf 85' lang='lat' dir='ltr'>antiquissimo</span> <span class='ocrx_word' id='word_1_213' title='bbox 1003 3362 1105 3424; x_wconf 88' lang='lat' dir='ltr'>latine</span> <span class='ocrx_word' id='word_1_214' title='bbox 1141 3382 1250 3437; x_wconf 83' lang='lat' dir='ltr'>versa,</span> 
     </span>
     <span class='ocr_line' id='line_1_36' title="bbox 214 3443 1247 3534; baseline 0.004 -28"><span class='ocrx_word' id='word_1_215' title='bbox 214 3452 249 3506; x_wconf 77' lang='lat' dir='ltr'>at</span> <span class='ocrx_word' id='word_1_216' title='bbox 266 3443 308 3507; x_wconf 88' lang='lat' dir='ltr'>ab</span> <span class='ocrx_word' id='word_1_217' title='bbox 328 3444 400 3508; x_wconf 85' lang='lat' dir='ltr'>aliis</span> <span class='ocrx_word' id='word_1_218' title='bbox 423 3444 582 3521; x_wconf 82' lang='lat' dir='ltr'>Staaino,</span> <span class='ocrx_word' id='word_1_219' title='bbox 611 3471 652 3513; x_wconf 83' lang='lat' dir='ltr'>ex</span> <span class='ocrx_word' id='word_1_220' title='bbox 665 3447 782 3534; x_wconf 85' lang='lat' dir='ltr'>Cypro</span> <span class='ocrx_word' id='word_1_221' title='bbox 806 3447 915 3510; x_wconf 77' lang='lat' dir='ltr'>insula</span> <span class='ocrx_word' id='word_1_222' title='bbox 936 3447 1099 3519; x_wconf 85' lang='lat' dir='ltr'>oriundo,</span> <span class='ocrx_word' id='word_1_223' title='bbox 1119 3445 1247 3510; x_wconf 84' lang='lat' dir='ltr'>abaliis</span> 
     </span>
     <span class='ocr_line' id='line_1_37' title="bbox 212 3529 1251 3622; baseline 0 -26"><span class='ocrx_word' id='word_1_224' title='bbox 212 3529 394 3617; x_wconf 82' lang='lat' dir='ltr'>Hegesiae</span> <span class='ocrx_word' id='word_1_225' title='bbox 405 3533 537 3596; x_wconf 86' lang='lat' dir='ltr'>cuidam</span> <span class='ocrx_word' id='word_1_226' title='bbox 555 3535 738 3622; x_wconf 81' lang='lat' dir='ltr'>adscripta,</span> <span class='ocrx_word' id='word_1_227' title='bbox 761 3535 862 3619; x_wconf 84' lang='lat' dir='ltr'>inque</span> <span class='ocrx_word' id='word_1_228' title='bbox 877 3556 992 3600; x_wconf 84' lang='lat' dir='ltr'>rerum</span> <span class='ocrx_word' id='word_1_229' title='bbox 1007 3531 1251 3610; x_wconf 87' lang='lat' dir='ltr'>Troianarnm,</span> 
     </span>
     <span class='ocr_line' id='line_1_38' title="bbox 213 3616 1252 3709; baseline 0.004 -30"><span class='ocrx_word' id='word_1_230' title='bbox 213 3616 294 3680; x_wconf 87' lang='lat' dir='ltr'>iude</span> <span class='ocrx_word' id='word_1_231' title='bbox 325 3639 342 3680; x_wconf 91' lang='lat' dir='ltr'>a</span> <span class='ocrx_word' id='word_1_232' title='bbox 361 3620 488 3703; x_wconf 85' lang='lat' dir='ltr'>nuptiis</span> <span class='ocrx_word' id='word_1_233' title='bbox 516 3620 607 3684; x_wconf 88' lang='lat' dir='ltr'>Pelei</span> <span class='ocrx_word' id='word_1_234' title='bbox 628 3636 727 3709; x_wconf 85' lang='lat' dir='ltr'>atque</span> <span class='ocrx_word' id='word_1_235' title='bbox 752 3618 907 3684; x_wconf 83' lang='lat' dir='ltr'>Thetidis</span> <span class='ocrx_word' id='word_1_236' title='bbox 931 3620 1095 3705; x_wconf 83' lang='lat' dir='ltr'>usquead</span> <span class='ocrx_word' id='word_1_237' title='bbox 1116 3622 1252 3683; x_wconf 84' lang='lat' dir='ltr'>initiam</span> 
     </span>
     <span class='ocr_line' id='line_1_39' title="bbox 213 3699 1254 3796; baseline 0.003 -29"><span class='ocrx_word' id='word_1_238' title='bbox 213 3699 346 3780; x_wconf 89' lang='lat' dir='ltr'>Iliadis,</span> <span class='ocrx_word' id='word_1_239' title='bbox 370 3706 563 3769; x_wconf 68' lang='lat' dir='ltr'>narratione</span> <span class='ocrx_word' id='word_1_240' title='bbox 582 3709 770 3786; x_wconf 79' lang='lat' dir='ltr'>versantia3</span> <span class='ocrx_word' id='word_1_241' title='bbox 795 3708 1003 3796; x_wconf 76' lang='lat' dir='ltr'>Aethiopem</span> <span class='ocrx_word' id='word_1_242' title='bbox 1018 3707 1160 3770; x_wconf 71' lang='lat' dir='ltr'>Arretini</span> <span class='ocrx_word' id='word_1_243' title='bbox 1178 3707 1254 3770; x_wconf 87' lang='lat' dir='ltr'>Mi-</span> 
     </span>
     <span class='ocr_line' id='line_1_40' title="bbox 182 3789 1257 3880; baseline 0.004 -26"><span class='ocrx_word' id='word_1_244' title='bbox 182 3790 192 3875; x_wconf 54' lang='lat' dir='ltr'>J</span> <span class='ocrx_word' id='word_1_245' title='bbox 214 3790 312 3869; x_wconf 79' lang='lat' dir='ltr'>leaii,</span> <span class='ocrx_word' id='word_1_246' title='bbox 334 3791 421 3854; x_wconf 87' lang='lat' dir='ltr'>circa</span> <span class='ocrx_word' id='word_1_247' title='bbox 441 3789 688 3879; x_wconf 79' lang='lat' dir='ltr'>olympiadum</span> <span class='ocrx_word' id='word_1_248' title='bbox 706 3795 798 3859; x_wconf 87' lang='lat' dir='ltr'>initia</span> <span class='ocrx_word' id='word_1_249' title='bbox 819 3797 920 3871; x_wconf 73' lang='lat' dir='ltr'>clari3</span> <span class='ocrx_word' id='word_1_250' title='bbox 943 3793 1093 3858; x_wconf 84' lang='lat' dir='ltr'>Iliadem</span> <span class='ocrx_word' id='word_1_251' title='bbox 1109 3817 1257 3880; x_wconf 81' lang='lat' dir='ltr'>parcam</span> 
     </span>
     <span class='ocr_line' id='line_1_41' title="bbox 213 3876 1254 3967; baseline 0.002 -27"><span class='ocrx_word' id='word_1_252' title='bbox 213 3886 350 3941; x_wconf 83' lang='lat' dir='ltr'>auctore</span> <span class='ocrx_word' id='word_1_253' title='bbox 372 3878 505 3944; x_wconf 78' lang='lat' dir='ltr'>Lesclze</span> <span class='ocrx_word' id='word_1_254' title='bbox 518 3884 569 3944; x_wconf 82' lang='lat' dir='ltr'>vet</span> <span class='ocrx_word' id='word_1_255' title='bbox 590 3882 744 3963; x_wconf 77' lang='lat' dir='ltr'>Leeclteo</span> <span class='ocrx_word' id='word_1_256' title='bbox 764 3882 988 3967; x_wconf 83' lang='lat' dir='ltr'>Mitylenaeo,</span> <span class='ocrx_word' id='word_1_257' title='bbox 1012 3882 1098 3941; x_wconf 86' lang='lat' dir='ltr'>circa</span> <span class='ocrx_word' id='word_1_258' title='bbox 1111 3876 1254 3963; x_wconf 76' lang='lat' dir='ltr'>Olymp-</span> 
     </span>
     <span class='ocr_line' id='line_1_42' title="bbox 213 3962 1269 4047; baseline -0.002 -18"><span class='ocrx_word' id='word_1_259' title='bbox 213 3962 387 4033; x_wconf 82' lang='lat' dir='ltr'>xxxtll.</span> <span class='ocrx_word' id='word_1_260' title='bbox 407 3964 570 4046; x_wconf 81' lang='lat' dir='ltr'>florente,</span> <span class='ocrx_word' id='word_1_261' title='bbox 595 3967 847 4033; x_wconf 86' lang='lat' dir='ltr'>Posthomerica</span> <span class='ocrx_word' id='word_1_262' title='bbox 875 3979 1107 4042; x_wconf 70' lang='lat' dir='ltr'>enarrantem,</span> <span class='ocrx_word' id='word_1_263' title='bbox 1131 3966 1269 4047; x_wconf 65' lang='lat' dir='ltr'>iiiios·&gt;</span> 
     </span>
     <span class='ocr_line' id='line_1_43' title="bbox 215 4050 1250 4143; baseline -0.005 -22"><span class='ocrx_word' id='word_1_264' title='bbox 215 4050 347 4123; x_wconf 61' lang='lat' dir='ltr'>eddium</span> <span class='ocrx_word' id='word_1_265' title='bbox 375 4051 411 4141; x_wconf 84' lang='grc' dir='ltr'>(ἡ</span> <span class='ocrx_word' id='word_1_266' title='bbox 426 4052 526 4120; x_wconf 77' lang='grc' dir='ltr'><em>Ἰλίου</em></span> <span class='ocrx_word' id='word_1_267' title='bbox 549 4057 677 4143; x_wconf 68' lang='lat' dir='ltr'>uipera)</span> <span class='ocrx_word' id='word_1_268' title='bbox 700 4057 852 4141; x_wconf 81' lang='lat' dir='ltr'>plurium</span> <span class='ocrx_word' id='word_1_269' title='bbox 882 4066 1078 4128; x_wconf 66' lang='lat' dir='ltr'>auctoriam</span> <span class='ocrx_word' id='word_1_270' title='bbox 1098 4053 1250 4116; x_wconf 85' lang='lat' dir='ltr'>carmina</span> 
     </span>
     <span class='ocr_line' id='line_1_44' title="bbox 215 4136 1252 4237; baseline -0.006 -29"><span class='ocrx_word' id='word_1_271' title='bbox 215 4137 258 4208; x_wconf 72' lang='lat' dir='ltr'>de</span> <span class='ocrx_word' id='word_1_272' title='bbox 275 4140 388 4237; x_wconf 72' lang='lat' dir='ltr'>reditu</span> <span class='ocrx_word' id='word_1_273' title='bbox 408 4141 605 4232; x_wconf 82' lang='lat' dir='ltr'>principum</span> <span class='ocrx_word' id='word_1_274' title='bbox 618 4141 857 4221; x_wconf 79' lang='lat' dir='ltr'>Achaeorum,</span> <span class='ocrx_word' id='word_1_275' title='bbox 875 4136 1028 4216; x_wconf 79' lang='grc' dir='ltr'><strong><em>Νόστους</em></strong></span> <span class='ocrx_word' id='word_1_276' title='bbox 1048 4138 1153 4219; x_wconf 85' lang='lat' dir='ltr'>dicta,</span> <span class='ocrx_word' id='word_1_277' title='bbox 1175 4137 1252 4204; x_wconf 81' lang='lat' dir='ltr'>Eu·</span> 
     </span>
    </p>
   </div>
   <div class='ocr_carea' id='block_1_9' title="bbox 0 0 1481 4875">
    <p class='ocr_par' dir='ltr' id='par_1_9' title="bbox 0 0 1481 4875">
     <span class='ocr_line' id='line_1_45' title="bbox 0 0 1481 4875; baseline 0 0"><span class='ocrx_word' id='word_1_278' title='bbox 0 0 1481 4875; x_wconf 95' lang='lat' dir='ltr'> </span> 
     </span>
    </p>
   </div>
  </div>
 </body>
</html>
