<?xml version="1.0" encoding="UTF-8"?>
<!DOCTYPE html PUBLIC "-//W3C//DTD XHTML 1.0 Transitional//EN"
    "http://www.w3.org/TR/xhtml1/DTD/xhtml1-transitional.dtd">
<html xmlns="http://www.w3.org/1999/xhtml" xml:lang="en" lang="en">
 <head>
  <title>
</title>
<meta http-equiv="Content-Type" content="text/html;charset=utf-8" />
  <meta name='ocr-system' content='tesseract 3.04.00' />
  <meta name='ocr-capabilities' content='ocr_page ocr_carea ocr_par ocr_line ocrx_word'/>
</head>
<body>
  <div class='ocr_page' id='page_1' title='image "./initiahistoriae00grodgoog_0031.png"; bbox 0 0 2942 4875; ppageno 0'>
   <div class='ocr_carea' id='block_1_1' title="bbox 606 459 1253 575">
    <p class='ocr_par' dir='ltr' id='par_1_1' title="bbox 606 459 1253 575">
     <span class='ocr_line' id='line_1_1' title="bbox 606 459 1253 575; baseline -0.006 -23"><span class='ocrx_word' id='word_1_1' title='bbox 606 500 845 552; x_wconf 76' lang='lat' dir='ltr'>nouenos</span> <span class='ocrx_word' id='word_1_2' title='bbox 1157 459 1253 575; x_wconf 63' lang='lat' dir='ltr'>&#39;sq</span> 
     </span>
    </p>
   </div>
   <div class='ocr_carea' id='block_1_2' title="bbox 221 651 1267 2222">
    <p class='ocr_par' dir='ltr' id='par_1_2' title="bbox 221 651 1267 2222">
     <span class='ocr_line' id='line_1_2' title="bbox 309 651 1252 779; baseline -0.002 -65"><span class='ocrx_word' id='word_1_3' title='bbox 309 657 345 714; x_wconf 74' lang='grc' dir='ltr'>Τ.</span> <span class='ocrx_word' id='word_1_4' title='bbox 353 657 391 713; x_wconf 89' lang='lat'>11.</span> <span class='ocrx_word' id='word_1_5' title='bbox 419 675 447 730; x_wconf 90' lang='lat' dir='ltr'>p.</span> <span class='ocrx_word' id='word_1_6' title='bbox 455 655 505 726; x_wconf 73' lang='lat'>547</span> <span class='ocrx_word' id='word_1_7' title='bbox 523 655 567 715; x_wconf 77' lang='grc' dir='ltr'>δι.</span> <span class='ocrx_word' id='word_1_8' title='bbox 588 657 781 729; x_wconf 83' lang='lat' dir='ltr'>disputatione</span> <span class='ocrx_word' id='word_1_9' title='bbox 798 674 848 712; x_wconf 86' lang='lat' dir='ltr'>seu</span> <span class='ocrx_word' id='word_1_10' title='bbox 872 652 968 779; x_wconf 69' lang='lat' dir='ltr'>potins</span> <span class='ocrx_word' id='word_1_11' title='bbox 990 651 1209 719; x_wconf 75' lang='lat' dir='ltr'>declamatione.</span> <span class='ocrx_word' id='word_1_12' title='bbox 1234 671 1252 712; x_wconf 77' lang='lat' dir='ltr'>e</span> 
     </span>
     <span class='ocr_line' id='line_1_3' title="bbox 307 724 1258 798; baseline -0.002 -19"><span class='ocrx_word' id='word_1_13' title='bbox 307 727 451 781; x_wconf 81' lang='lat' dir='ltr'>doetrinae</span> <span class='ocrx_word' id='word_1_14' title='bbox 472 728 562 798; x_wconf 86' lang='lat' dir='ltr'>copiis</span> <span class='ocrx_word' id='word_1_15' title='bbox 576 728 733 781; x_wconf 83' lang='lat' dir='ltr'>eteritiose</span> <span class='ocrx_word' id='word_1_16' title='bbox 754 726 823 781; x_wconf 89' lang='lat' dir='ltr'>artis</span> <span class='ocrx_word' id='word_1_17' title='bbox 843 745 874 782; x_wconf 84' lang='lat' dir='ltr'>su</span> <span class='ocrx_word' id='word_1_18' title='bbox 896 727 999 779; x_wconf 85' lang='lat' dir='ltr'>tilitate</span> <span class='ocrx_word' id='word_1_19' title='bbox 1018 743 1116 793; x_wconf 80' lang='lat' dir='ltr'>perum</span> <span class='ocrx_word' id='word_1_20' title='bbox 1142 724 1258 777; x_wconf 66' lang='lat' dir='ltr'>iustum·</span> 
     </span>
     <span class='ocr_line' id='line_1_4' title="bbox 307 793 1267 868; baseline -0.002 -20"><span class='ocrx_word' id='word_1_21' title='bbox 307 807 371 858; x_wconf 86' lang='lat' dir='ltr'>ota;</span> <span class='ocrx_word' id='word_1_22' title='bbox 388 807 417 848; x_wconf 89' lang='lat' dir='ltr'>et</span> <span class='ocrx_word' id='word_1_23' title='bbox 432 795 574 860; x_wconf 69' lang='lat' dir='ltr'>Ricbord</span> <span class='ocrx_word' id='word_1_24' title='bbox 588 793 694 868; x_wconf 79' lang='lat' dir='ltr'>Pnyne</span> <span class='ocrx_word' id='word_1_25' title='bbox 712 795 826 866; x_wconf 80' lang='lat' dir='ltr'>Kniglst</span> <span class='ocrx_word' id='word_1_26' title='bbox 845 795 875 849; x_wconf 90' lang='lat' dir='ltr'>iu</span> <span class='ocrx_word' id='word_1_27' title='bbox 891 794 1112 864; x_wconf 78' lang='lat' dir='ltr'>Prolegomenie</span> <span class='ocrx_word' id='word_1_28' title='bbox 1135 795 1168 845; x_wconf 93' lang='lat' dir='ltr'>ad</span> <span class='ocrx_word' id='word_1_29' title='bbox 1182 793 1267 846; x_wconf 61' lang='lat' dir='ltr'>carn</span> 
     </span>
     <span class='ocr_line' id='line_1_5' title="bbox 310 861 1249 932; baseline -0.002 -14"><span class='ocrx_word' id='word_1_30' title='bbox 310 866 417 918; x_wconf 88' lang='lat' dir='ltr'>minum</span> <span class='ocrx_word' id='word_1_31' title='bbox 454 863 670 918; x_wconf 84' lang='lat' dir='ltr'>Homerieorum</span> <span class='ocrx_word' id='word_1_32' title='bbox 701 864 855 917; x_wconf 77' lang='lat' dir='ltr'>editionem</span> <span class='ocrx_word' id='word_1_33' title='bbox 886 864 1051 926; x_wconf 84' lang='lat' dir='ltr'>secundam,</span> <span class='ocrx_word' id='word_1_34' title='bbox 1079 864 1194 932; x_wconf 81' lang='lat' dir='ltr'>posthac</span> <span class='ocrx_word' id='word_1_35' title='bbox 1217 861 1249 916; x_wconf 83' lang='lat' dir='ltr'>iu</span> 
     </span>
     <span class='ocr_line' id='line_1_6' title="bbox 309 929 1250 1000; baseline -0.005 -14"><span class='ocrx_word' id='word_1_36' title='bbox 309 932 460 987; x_wconf 74' lang='lat' dir='ltr'>Germania</span> <span class='ocrx_word' id='word_1_37' title='bbox 481 950 607 987; x_wconf 86' lang='lat' dir='ltr'>seorsum</span> <span class='ocrx_word' id='word_1_38' title='bbox 625 933 728 996; x_wconf 74' lang='lat' dir='ltr'>editis.</span> <span class='ocrx_word' id='word_1_39' title='bbox 758 945 786 986; x_wconf 88' lang='lat' dir='ltr'>et</span> <span class='ocrx_word' id='word_1_40' title='bbox 807 933 907 1000; x_wconf 70' lang='lat' dir='ltr'>gallice</span> <span class='ocrx_word' id='word_1_41' title='bbox 934 933 1025 985; x_wconf 82' lang='lat' dir='ltr'>versis</span> <span class='ocrx_word' id='word_1_42' title='bbox 1048 933 1082 983; x_wconf 80' lang='lat' dir='ltr'>sb</span> <span class='ocrx_word' id='word_1_43' title='bbox 1100 929 1250 987; x_wconf 80' lang='lat' dir='ltr'>Oberlinio</span> 
     </span>
     <span class='ocr_line' id='line_1_7' title="bbox 309 999 1256 1073; baseline -0.004 -17"><span class='ocrx_word' id='word_1_44' title='bbox 309 1002 339 1056; x_wconf 82' lang='lat' dir='ltr'>in</span> <span class='ocrx_word' id='word_1_45' title='bbox 362 1001 469 1056; x_wconf 82' lang='lat' dir='ltr'>Millini</span> <span class='ocrx_word' id='word_1_46' title='bbox 489 1002 600 1056; x_wconf 87' lang='lat' dir='ltr'>Horreo</span> <span class='ocrx_word' id='word_1_47' title='bbox 621 1002 774 1073; x_wconf 79' lang='lat' dir='ltr'>Encyolop.</span> <span class='ocrx_word' id='word_1_48' title='bbox 801 1003 876 1054; x_wconf 71' lang='lat'>1814.</span> <span class='ocrx_word' id='word_1_49' title='bbox 904 1002 938 1054; x_wconf 80' lang='grc' dir='ltr'>Τ.</span> <span class='ocrx_word' id='word_1_50' title='bbox 951 999 999 1053; x_wconf 90' lang='lat' dir='ltr'>VI.</span> <span class='ocrx_word' id='word_1_51' title='bbox 1020 1017 1157 1071; x_wconf 82' lang='lat' dir='ltr'>pqosqq.</span> <span class='ocrx_word' id='word_1_52' title='bbox 1179 1014 1256 1067; x_wconf 25' lang='lat' dir='ltr'>quael</span> 
     </span>
     <span class='ocr_line' id='line_1_8' title="bbox 306 1068 1252 1141; baseline -0.002 -17"><span class='ocrx_word' id='word_1_53' title='bbox 306 1069 409 1124; x_wconf 84' lang='lat' dir='ltr'>nollem</span> <span class='ocrx_word' id='word_1_54' title='bbox 418 1071 479 1140; x_wconf 87' lang='lat' dir='ltr'>ipso</span> <span class='ocrx_word' id='word_1_55' title='bbox 489 1070 573 1128; x_wconf 84' lang='lat' dir='ltr'>titulo</span> <span class='ocrx_word' id='word_1_56' title='bbox 587 1070 793 1124; x_wconf 78' lang='lat' dir='ltr'>Woll&#39;ianorum</span> <span class='ocrx_word' id='word_1_57' title='bbox 803 1070 1067 1141; x_wconf 75' lang='lat' dir='ltr'>prolegomenorum</span> <span class='ocrx_word' id='word_1_58' title='bbox 1087 1068 1252 1122; x_wconf 75' lang='lat' dir='ltr'>memorium</span> 
     </span>
     <span class='ocr_line' id='line_1_9' title="bbox 306 1138 1251 1210; baseline -0.004 -18"><span class='ocrx_word' id='word_1_59' title='bbox 306 1149 337 1192; x_wconf 85' lang='lat' dir='ltr'>et</span> <span class='ocrx_word' id='word_1_60' title='bbox 353 1142 589 1210; x_wconf 86' lang='lat' dir='ltr'>comparationem</span> <span class='ocrx_word' id='word_1_61' title='bbox 601 1139 791 1202; x_wconf 75' lang='lat' dir='ltr'>=exoitasseut3</span> <span class='ocrx_word' id='word_1_62' title='bbox 814 1153 870 1193; x_wconf 79' lang='lat' dir='ltr'>tum</span> <span class='ocrx_word' id='word_1_63' title='bbox 887 1138 1009 1207; x_wconf 88' lang='lat' dir='ltr'>cupida,</span> <span class='ocrx_word' id='word_1_64' title='bbox 1030 1149 1134 1190; x_wconf 85' lang='lat' dir='ltr'>temere</span> <span class='ocrx_word' id='word_1_65' title='bbox 1144 1156 1173 1188; x_wconf 79' lang='lat' dir='ltr'>sc</span> <span class='ocrx_word' id='word_1_66' title='bbox 1186 1154 1251 1205; x_wconf 84' lang='lat' dir='ltr'>per·</span> 
     </span>
     <span class='ocr_line' id='line_1_10' title="bbox 305 1207 1247 1278; baseline -0.001 -19"><span class='ocrx_word' id='word_1_67' title='bbox 305 1210 419 1261; x_wconf 85' lang='lat' dir='ltr'>turbate</span> <span class='ocrx_word' id='word_1_68' title='bbox 439 1208 544 1278; x_wconf 86' lang='lat' dir='ltr'>scripta</span> <span class='ocrx_word' id='word_1_69' title='bbox 563 1219 648 1270; x_wconf 87' lang='lat' dir='ltr'>suut;</span> <span class='ocrx_word' id='word_1_70' title='bbox 675 1210 762 1276; x_wconf 76' lang='lat' dir='ltr'>magis</span> <span class='ocrx_word' id='word_1_71' title='bbox 791 1221 884 1261; x_wconf 85' lang='lat' dir='ltr'>tamen</span> <span class='ocrx_word' id='word_1_72' title='bbox 907 1207 1014 1276; x_wconf 82' lang='lat' dir='ltr'>Heynii</span> <span class='ocrx_word' id='word_1_73' title='bbox 1039 1207 1140 1273; x_wconf 81' lang='lat' dir='ltr'>placite</span> <span class='ocrx_word' id='word_1_74' title='bbox 1162 1222 1247 1274; x_wconf 83' lang='lat' dir='ltr'>quem</span> 
     </span>
     <span class='ocr_line' id='line_1_11' title="bbox 307 1274 1247 1346; baseline -0.004 -16"><span class='ocrx_word' id='word_1_75' title='bbox 307 1275 415 1331; x_wconf 81' lang='lat' dir='ltr'>Wolfii</span> <span class='ocrx_word' id='word_1_76' title='bbox 439 1276 561 1329; x_wconf 75' lang='lat' dir='ltr'>rationes</span> <span class='ocrx_word' id='word_1_77' title='bbox 575 1277 816 1346; x_wconf 75' lang='lat' dir='ltr'>impugnent-G.</span> <span class='ocrx_word' id='word_1_78' title='bbox 827 1279 865 1329; x_wconf 89' lang='lat' dir='ltr'>H.</span> <span class='ocrx_word' id='word_1_79' title='bbox 877 1277 905 1330; x_wconf 81' lang='lat'>0.</span> <span class='ocrx_word' id='word_1_80' title='bbox 917 1276 1022 1330; x_wconf 78' lang='lat' dir='ltr'>Koerii</span> <span class='ocrx_word' id='word_1_81' title='bbox 1034 1274 1247 1328; x_wconf 71' lang='lat' dir='ltr'>commentatio</span> 
     </span>
     <span class='ocr_line' id='line_1_12' title="bbox 306 1341 1245 1420; baseline -0.002 -24"><span class='ocrx_word' id='word_1_82' title='bbox 306 1344 444 1398; x_wconf 69' lang='lat' dir='ltr'>dediscis</span> <span class='ocrx_word' id='word_1_83' title='bbox 467 1344 726 1420; x_wconf 79' lang='lat' dir='ltr'>antiisquibusdsm</span> <span class='ocrx_word' id='word_1_84' title='bbox 746 1347 776 1398; x_wconf 90' lang='lat' dir='ltr'>iu</span> <span class='ocrx_word' id='word_1_85' title='bbox 793 1345 916 1414; x_wconf 76' lang='lat' dir='ltr'>Odyssea</span> <span class='ocrx_word' id='word_1_86' title='bbox 935 1346 1157 1397; x_wconf 80' lang='lat' dir='ltr'>occurrentibus.</span> <span class='ocrx_word' id='word_1_87' title='bbox 1179 1341 1245 1394; x_wconf 73' lang='lat' dir='ltr'>Hit·</span> 
     </span>
     <span class='ocr_line' id='line_1_13' title="bbox 304 1411 1250 1483; baseline -0.005 -15"><span class='ocrx_word' id='word_1_88' title='bbox 304 1414 369 1468; x_wconf 78' lang='lat' dir='ltr'>niae</span> <span class='ocrx_word' id='word_1_89' title='bbox 390 1412 438 1466; x_wconf 75' lang='lat'>180</span> <span class='ocrx_word' id='word_1_90' title='bbox 457 1413 497 1464; x_wconf 81' lang='lat'>.8.</span> <span class='ocrx_word' id='word_1_91' title='bbox 534 1411 584 1467; x_wconf 78' lang='lat' dir='ltr'>Fr.</span> <span class='ocrx_word' id='word_1_92' title='bbox 597 1411 671 1483; x_wconf 80' lang='lat' dir='ltr'>Aug.</span> <span class='ocrx_word' id='word_1_93' title='bbox 688 1412 778 1468; x_wconf 72' lang='lat' dir='ltr'>With.</span> <span class='ocrx_word' id='word_1_94' title='bbox 799 1413 926 1483; x_wconf 79' lang='lat' dir='ltr'>Spohnii</span> <span class='ocrx_word' id='word_1_95' title='bbox 935 1411 1138 1466; x_wconf 68' lang='lat' dir='ltr'><strong>Commutatio</strong></span> <span class='ocrx_word' id='word_1_96' title='bbox 1150 1413 1185 1463; x_wconf 88' lang='lat' dir='ltr'>de</span> <span class='ocrx_word' id='word_1_97' title='bbox 1202 1428 1250 1463; x_wconf 78' lang='lat' dir='ltr'>ex·</span> 
     </span>
     <span class='ocr_line' id='line_1_14' title="bbox 302 1482 1250 1552; baseline -0.001 -19"><span class='ocrx_word' id='word_1_98' title='bbox 302 1490 394 1535; x_wconf 82' lang='lat' dir='ltr'>treme</span> <span class='ocrx_word' id='word_1_99' title='bbox 403 1483 546 1552; x_wconf 79' lang='lat' dir='ltr'>Odysseae</span> <span class='ocrx_word' id='word_1_100' title='bbox 565 1492 644 1550; x_wconf 85' lang='lat' dir='ltr'>perte</span> <span class='ocrx_word' id='word_1_101' title='bbox 664 1482 729 1534; x_wconf 84' lang='lat' dir='ltr'>inde</span> <span class='ocrx_word' id='word_1_102' title='bbox 745 1503 760 1533; x_wconf 85' lang='lat' dir='ltr'>n</span> <span class='ocrx_word' id='word_1_103' title='bbox 773 1483 938 1551; x_wconf 75' lang='lat' dir='ltr'>rhapsodias</span> <span class='ocrx_word' id='word_1_104' title='bbox 962 1498 984 1551; x_wconf 83' lang='grc' dir='ltr'><strong><em>ψ</em></strong></span> <span class='ocrx_word' id='word_1_105' title='bbox 1005 1496 1117 1533; x_wconf 78' lang='lat' dir='ltr'>versun</span> <span class='ocrx_word' id='word_1_106' title='bbox 1140 1496 1163 1545; x_wconf 81' lang='lat'>7.</span> <span class='ocrx_word' id='word_1_107' title='bbox 1178 1495 1250 1532; x_wconf 74' lang='lat' dir='ltr'>sevo</span> 
     </span>
     <span class='ocr_line' id='line_1_15' title="bbox 306 1498 1250 1619; baseline -0.002 -15"><span class='ocrx_word' id='word_1_108' title='bbox 306 1550 467 1604; x_wconf 70' lang='lat' dir='ltr'>recentiore</span> <span class='ocrx_word' id='word_1_109' title='bbox 494 1560 555 1601; x_wconf 84' lang='lat' dir='ltr'>orte</span> <span class='ocrx_word' id='word_1_110' title='bbox 580 1568 662 1619; x_wconf 90' lang='lat' dir='ltr'>quam</span> <span class='ocrx_word' id='word_1_111' title='bbox 689 1550 851 1603; x_wconf 77' lang='lat' dir='ltr'>Homerico.</span> <span class='ocrx_word' id='word_1_112' title='bbox 879 1550 992 1617; x_wconf 82' lang='lat' dir='ltr'>Lipsiae</span> <span class='ocrx_word' id='word_1_113' title='bbox 1015 1548 1086 1600; x_wconf 67' lang='lat'><strong>2816.</strong></span> <span class='ocrx_word' id='word_1_114' title='bbox 1107 1498 1250 1617; x_wconf 62' lang='lat' dir='ltr'>siipsug.</span> 
     </span>
     <span class='ocr_line' id='line_1_16' title="bbox 307 1613 1252 1679; baseline -0.004 -7"><span class='ocrx_word' id='word_1_115' title='bbox 307 1619 391 1672; x_wconf 80' lang='lat' dir='ltr'>8mui.</span> <span class='ocrx_word' id='word_1_116' title='bbox 422 1616 452 1670; x_wconf 82' lang='lat' dir='ltr'>L.</span> <span class='ocrx_word' id='word_1_117' title='bbox 469 1617 504 1672; x_wconf 83' lang='lat' dir='ltr'>F.</span> <span class='ocrx_word' id='word_1_118' title='bbox 515 1615 685 1672; x_wconf 75' lang='lat' dir='ltr'>Heinriohii</span> <span class='ocrx_word' id='word_1_119' title='bbox 695 1613 824 1672; x_wconf 72' lang='lat' dir='ltr'>Distu-ibe</span> <span class='ocrx_word' id='word_1_120' title='bbox 833 1618 868 1670; x_wconf 87' lang='lat' dir='ltr'>de</span> <span class='ocrx_word' id='word_1_121' title='bbox 880 1616 1066 1672; x_wconf 82' lang='lat' dir='ltr'>Diesoeunstis</span> <span class='ocrx_word' id='word_1_122' title='bbox 1082 1616 1252 1679; x_wconf 77' lang='lat' dir='ltr'>Homericis,</span> 
     </span>
     <span class='ocr_line' id='line_1_17' title="bbox 307 1683 1251 1757; baseline -0.005 -17"><span class='ocrx_word' id='word_1_123' title='bbox 307 1699 494 1757; x_wconf 79' lang='lat' dir='ltr'>veterumque</span> <span class='ocrx_word' id='word_1_124' title='bbox 516 1698 762 1741; x_wconf 80' lang='lat' dir='ltr'>monumentorum</span> <span class='ocrx_word' id='word_1_125' title='bbox 784 1685 947 1740; x_wconf 78' lang='lat' dir='ltr'>diasceuasi.</span> <span class='ocrx_word' id='word_1_126' title='bbox 967 1683 1251 1749; x_wconf 80' lang='lat' dir='ltr'>Kielonise.1807.4.</span> 
     </span>
     <span class='ocr_line' id='line_1_18' title="bbox 303 1752 1252 1824; baseline -0.006 -13"><span class='ocrx_word' id='word_1_127' title='bbox 303 1756 364 1811; x_wconf 79' lang='lat' dir='ltr'>Nec</span> <span class='ocrx_word' id='word_1_128' title='bbox 375 1752 487 1809; x_wconf 83' lang='lat' dir='ltr'>silentio</span> <span class='ocrx_word' id='word_1_129' title='bbox 522 1755 707 1810; x_wconf 77' lang='lat' dir='ltr'>rsetereunds</span> <span class='ocrx_word' id='word_1_130' title='bbox 719 1766 761 1822; x_wconf 78' lang='lat' dir='ltr'>est</span> <span class='ocrx_word' id='word_1_131' title='bbox 778 1754 921 1824; x_wconf 79' lang='lat' dir='ltr'>ingeniosa</span> <span class='ocrx_word' id='word_1_132' title='bbox 934 1757 1019 1822; x_wconf 74' lang='lat' dir='ltr'>magis</span> <span class='ocrx_word' id='word_1_133' title='bbox 1029 1772 1108 1823; x_wconf 87' lang='lat' dir='ltr'>quarn</span> <span class='ocrx_word' id='word_1_134' title='bbox 1120 1764 1252 1805; x_wconf 79' lang='lat' dir='ltr'>accuratu</span> 
     </span>
     <span class='ocr_line' id='line_1_19' title="bbox 307 1822 1251 1905; baseline -0.01 -26"><span class='ocrx_word' id='word_1_135' title='bbox 307 1825 351 1879; x_wconf 84' lang='lat' dir='ltr'>Io.</span> <span class='ocrx_word' id='word_1_136' title='bbox 370 1824 456 1895; x_wconf 84' lang='lat' dir='ltr'>Bapt.</span> <span class='ocrx_word' id='word_1_137' title='bbox 508 1822 624 1887; x_wconf 81' lang='lat' dir='ltr'>ieonis,</span> <span class='ocrx_word' id='word_1_138' title='bbox 643 1826 797 1905; x_wconf 84' lang='lat' dir='ltr'>disputatio</span> <span class='ocrx_word' id='word_1_139' title='bbox 822 1826 859 1877; x_wconf 86' lang='lat' dir='ltr'>de</span> <span class='ocrx_word' id='word_1_140' title='bbox 880 1822 1027 1883; x_wconf 84' lang='lat' dir='ltr'>Homero,</span> <span class='ocrx_word' id='word_1_141' title='bbox 1048 1840 1130 1891; x_wconf 87' lang='lat' dir='ltr'>quam</span> <span class='ocrx_word' id='word_1_142' title='bbox 1150 1837 1251 1872; x_wconf 80' lang='lat' dir='ltr'>exma-</span> 
     </span>
     <span class='ocr_line' id='line_1_20' title="bbox 221 1887 1254 1963; baseline -0.008 -16"><span class='ocrx_word' id='word_1_143' title='bbox 221 1929 229 1941; x_wconf 90' lang='lat'><strong>·</strong></span> <span class='ocrx_word' id='word_1_144' title='bbox 306 1894 368 1947; x_wconf 88' lang='lat' dir='ltr'>iore</span> <span class='ocrx_word' id='word_1_145' title='bbox 388 1894 449 1946; x_wconf 90' lang='lat' dir='ltr'>eius</span> <span class='ocrx_word' id='word_1_146' title='bbox 467 1909 571 1963; x_wconf 84' lang='lat' dir='ltr'>opere,</span> <span class='ocrx_word' id='word_1_147' title='bbox 588 1890 730 1961; x_wconf 79' lang='lat' dir='ltr'>Priuotpi</span> <span class='ocrx_word' id='word_1_148' title='bbox 749 1895 783 1946; x_wconf 83' lang='lat' dir='ltr'>di</span> <span class='ocrx_word' id='word_1_149' title='bbox 793 1894 914 1946; x_wconf 74' lang='lat' dir='ltr'>sciense</span> <span class='ocrx_word' id='word_1_150' title='bbox 926 1910 1023 1946; x_wconf 78' lang='lat' dir='ltr'>rruouo</span> <span class='ocrx_word' id='word_1_151' title='bbox 1043 1892 1196 1943; x_wconf 81' lang='lat' dir='ltr'>d&#39;intorno</span> <span class='ocrx_word' id='word_1_152' title='bbox 1208 1887 1254 1940; x_wconf 83' lang='lat' dir='ltr'>nl·</span> 
     </span>
     <span class='ocr_line' id='line_1_21' title="bbox 304 1956 1252 2029; baseline -0.007 -13"><span class='ocrx_word' id='word_1_153' title='bbox 304 1963 335 2016; x_wconf 83' lang='lat' dir='ltr'>la</span> <span class='ocrx_word' id='word_1_154' title='bbox 358 1970 638 2016; x_wconf 70' lang='lat' dir='ltr'>commemoratum</span> <span class='ocrx_word' id='word_1_155' title='bbox 656 1960 732 2015; x_wconf 81' lang='lat' dir='ltr'>dalle</span> <span class='ocrx_word' id='word_1_156' title='bbox 750 1960 882 2014; x_wconf 83' lang='lat' dir='ltr'>noziom&#39;.</span> <span class='ocrx_word' id='word_1_157' title='bbox 920 1960 1020 2029; x_wconf 84' lang='lat' dir='ltr'>Nepoli</span> <span class='ocrx_word' id='word_1_158' title='bbox 1039 1960 1113 2025; x_wconf 74' lang='lat'><strong>1744.</strong></span> <span class='ocrx_word' id='word_1_159' title='bbox 1146 1956 1252 2009; x_wconf 83' lang='lat' dir='ltr'>uvolll</span> 
     </span>
     <span class='ocr_line' id='line_1_22' title="bbox 302 2025 1252 2099; baseline -0.005 -16"><span class='ocrx_word' id='word_1_160' title='bbox 302 2030 329 2083; x_wconf 77' lang='grc'>8.</span> <span class='ocrx_word' id='word_1_161' title='bbox 343 2032 483 2099; x_wconf 72' lang='lat' dir='ltr'>excerpsit</span> <span class='ocrx_word' id='word_1_162' title='bbox 513 2041 542 2082; x_wconf 88' lang='lat' dir='ltr'>et</span> <span class='ocrx_word' id='word_1_163' title='bbox 559 2032 747 2094; x_wconf 76' lang='lat' dir='ltr'>germanicam</span> <span class='ocrx_word' id='word_1_164' title='bbox 768 2030 837 2083; x_wconf 82' lang='lat' dir='ltr'>iecit</span> <span class='ocrx_word' id='word_1_165' title='bbox 860 2028 986 2081; x_wconf 77' lang='lat' dir='ltr'>Wolfius</span> <span class='ocrx_word' id='word_1_166' title='bbox 1014 2027 1198 2079; x_wconf 82' lang='lat' dir='ltr'>doctissimus</span> <span class='ocrx_word' id='word_1_167' title='bbox 1211 2025 1252 2094; x_wconf 85' lang='lat' dir='ltr'>in</span> 
     </span>
     <span class='ocr_line' id='line_1_23' title="bbox 302 2095 1249 2222; baseline -0.001 -71"><span class='ocrx_word' id='word_1_168' title='bbox 302 2096 399 2151; x_wconf 88' lang='lat' dir='ltr'>libello</span> <span class='ocrx_word' id='word_1_169' title='bbox 424 2100 473 2222; x_wconf 82' lang='lat' dir='ltr'>qui</span> <span class='ocrx_word' id='word_1_170' title='bbox 491 2098 672 2152; x_wconf 75' lang='lat' dir='ltr'>inscribitur:</span> <span class='ocrx_word' id='word_1_171' title='bbox 695 2098 834 2154; x_wconf 78' lang='lat' dir='ltr'>Moesum</span> <span class='ocrx_word' id='word_1_172' title='bbox 860 2098 916 2154; x_wconf 81' lang='lat' dir='ltr'>der</span> <span class='ocrx_word' id='word_1_173' title='bbox 936 2095 1249 2153; x_wconf 74' lang='lat' dir='ltr'>Altertlrumssoissen·</span> 
     </span>
    </p>
   </div>
   <div class='ocr_carea' id='block_1_3' title="bbox 306 2164 760 2240">
    <p class='ocr_par' dir='ltr' id='par_1_3' title="bbox 306 2164 760 2240">
     <span class='ocr_line' id='line_1_24' title="bbox 306 2164 760 2240; baseline -0.009 -14"><span class='ocrx_word' id='word_1_174' title='bbox 306 2165 426 2240; x_wconf 66' lang='lat' dir='ltr'>sebast</span> <span class='ocrx_word' id='word_1_175' title='bbox 443 2167 497 2223; x_wconf 78' lang='grc'>’.1.</span> <span class='ocrx_word' id='word_1_176' title='bbox 514 2168 544 2224; x_wconf 77' lang='lat' dir='ltr'>P.</span> <span class='ocrx_word' id='word_1_177' title='bbox 555 2167 581 2221; x_wconf 73' lang='lat'>5.</span> <span class='ocrx_word' id='word_1_178' title='bbox 599 2185 628 2240; x_wconf 85' lang='lat' dir='ltr'>p.</span> <span class='ocrx_word' id='word_1_179' title='bbox 638 2164 690 2220; x_wconf 80' lang='lat'>555</span> <span class='ocrx_word' id='word_1_180' title='bbox 699 2185 760 2240; x_wconf 82' lang='lat' dir='ltr'>sqq.</span> 
     </span>
    </p>
   </div>
   <div class='ocr_carea' id='block_1_4' title="bbox 670 2332 827 2449">
    <p class='ocr_par' dir='ltr' id='par_1_4' title="bbox 670 2332 827 2449">
     <span class='ocr_line' id='line_1_25' title="bbox 670 2332 827 2449; baseline -0.019 0"><span class='ocrx_word' id='word_1_181' title='bbox 670 2353 702 2449; x_wconf 80' lang='lat' dir='ltr'>l·</span> <span class='ocrx_word' id='word_1_182' title='bbox 728 2374 778 2446; x_wconf 79' lang='lat'>¹7·</span> <span class='ocrx_word' id='word_1_183' title='bbox 819 2332 827 2346; x_wconf 75' lang='grc'>’</span> 
     </span>
    </p>
   </div>
   <div class='ocr_carea' id='block_1_5' title="bbox 196 2557 1252 2910">
    <p class='ocr_par' dir='ltr' id='par_1_5' title="bbox 196 2557 1252 2910">
     <span class='ocr_line' id='line_1_26' title="bbox 266 2557 1250 2649; baseline 0 -23"><span class='ocrx_word' id='word_1_184' title='bbox 266 2561 366 2642; x_wconf 81' lang='lat' dir='ltr'>Quae</span> <span class='ocrx_word' id='word_1_185' title='bbox 390 2583 497 2648; x_wconf 87' lang='lat' dir='ltr'>quum</span> <span class='ocrx_word' id='word_1_186' title='bbox 516 2560 563 2625; x_wconf 82' lang='lat' dir='ltr'>itu</span> <span class='ocrx_word' id='word_1_187' title='bbox 584 2560 962 2649; x_wconf 74' lang='lat' dir='ltr'>sint,.vi1quisquem</span> <span class='ocrx_word' id='word_1_188' title='bbox 981 2557 1188 2638; x_wconf 77' lang='lat' dir='ltr'>mirabitur,</span> <span class='ocrx_word' id='word_1_189' title='bbox 1219 2559 1250 2627; x_wconf 89' lang='lat' dir='ltr'>si</span> 
     </span>
     <span class='ocr_line' id='line_1_27' title="bbox 196 2645 1249 2735; baseline -0.003 -20"><span class='ocrx_word' id='word_1_190' title='bbox 196 2649 243 2715; x_wconf 80' lang='lat' dir='ltr'>de</span> <span class='ocrx_word' id='word_1_191' title='bbox 270 2650 427 2714; x_wconf 84' lang='lat' dir='ltr'>Homeri</span> <span class='ocrx_word' id='word_1_192' title='bbox 456 2649 643 2727; x_wconf 72' lang='lat' dir='ltr'>natalibus,</span> <span class='ocrx_word' id='word_1_193' title='bbox 670 2650 799 2735; x_wconf 74' lang='lat' dir='ltr'>petrin,</span> <span class='ocrx_word' id='word_1_194' title='bbox 832 2651 920 2715; x_wconf 80' lang='lat' dir='ltr'>virae</span> <span class='ocrx_word' id='word_1_195' title='bbox 957 2670 1099 2734; x_wconf 85' lang='lat' dir='ltr'>genere,</span> <span class='ocrx_word' id='word_1_196' title='bbox 1140 2645 1249 2729; x_wconf 87' lang='lat' dir='ltr'>obitu,</span> 
     </span>
     <span class='ocr_line' id='line_1_28' title="bbox 201 2733 1251 2828; baseline -0.003 -28"><span class='ocrx_word' id='word_1_197' title='bbox 201 2736 426 2828; x_wconf 76' lang='lat' dir='ltr'>paucissimo,</span> <span class='ocrx_word' id='word_1_198' title='bbox 455 2746 490 2801; x_wconf 89' lang='lat' dir='ltr'>et</span> <span class='ocrx_word' id='word_1_199' title='bbox 505 2757 548 2799; x_wconf 87' lang='lat' dir='ltr'>ne</span> <span class='ocrx_word' id='word_1_200' title='bbox 568 2733 653 2799; x_wconf 86' lang='lat' dir='ltr'>hoec</span> <span class='ocrx_word' id='word_1_201' title='bbox 679 2736 817 2822; x_wconf 85' lang='lat' dir='ltr'>quidem</span> <span class='ocrx_word' id='word_1_202' title='bbox 833 2737 912 2799; x_wconf 84' lang='lat' dir='ltr'>sutis</span> <span class='ocrx_word' id='word_1_203' title='bbox 935 2746 1026 2800; x_wconf 84' lang='lat' dir='ltr'>cortu</span> <span class='ocrx_word' id='word_1_204' title='bbox 1049 2746 1108 2798; x_wconf 82' lang='lat' dir='ltr'>sut</span> <span class='ocrx_word' id='word_1_205' title='bbox 1126 2734 1251 2821; x_wconf 88' lang='lat' dir='ltr'>explo-</span> 
     </span>
     <span class='ocr_line' id='line_1_29' title="bbox 201 2819 1252 2910; baseline -0.003 -22"><span class='ocrx_word' id='word_1_206' title='bbox 201 2833 277 2890; x_wconf 86' lang='lat' dir='ltr'>rutu</span> <span class='ocrx_word' id='word_1_207' title='bbox 304 2843 421 2888; x_wconf 83' lang='lat' dir='ltr'>rerum</span> <span class='ocrx_word' id='word_1_208' title='bbox 439 2819 505 2888; x_wconf 90' lang='lat' dir='ltr'>fide</span> <span class='ocrx_word' id='word_1_209' title='bbox 527 2821 618 2887; x_wconf 90' lang='lat' dir='ltr'>trudi</span> <span class='ocrx_word' id='word_1_210' title='bbox 642 2845 740 2910; x_wconf 85' lang='lat' dir='ltr'>posse</span> <span class='ocrx_word' id='word_1_211' title='bbox 761 2843 957 2888; x_wconf 79' lang='lat' dir='ltr'>censemus:</span> <span class='ocrx_word' id='word_1_212' title='bbox 990 2832 1131 2895; x_wconf 79' lang='lat' dir='ltr'>contre,</span> <span class='ocrx_word' id='word_1_213' title='bbox 1163 2842 1252 2908; x_wconf 84' lang='lat' dir='ltr'>quoe</span> 
     </span>
    </p>
   </div>
   <div class='ocr_carea' id='block_1_6' title="bbox 202 2906 1254 3061">
    <p class='ocr_par' dir='ltr' id='par_1_6' title="bbox 202 2906 1254 3061">
     <span class='ocr_line' id='line_1_30' title="bbox 202 2906 1254 3061; baseline -0.004 -86"><span class='ocrx_word' id='word_1_214' title='bbox 202 2909 312 2975; x_wconf 85' lang='lat' dir='ltr'>multo</span> <span class='ocrx_word' id='word_1_215' title='bbox 334 2910 502 2974; x_wconf 88' lang='lat' dir='ltr'>seriorum</span> <span class='ocrx_word' id='word_1_216' title='bbox 519 2910 726 3061; x_wconf 81' lang='lat' dir='ltr'>scriptorum</span> <span class='ocrx_word' id='word_1_217' title='bbox 739 2910 955 2989; x_wconf 80' lang='lat' dir='ltr'>auctoritate,</span> <span class='ocrx_word' id='word_1_218' title='bbox 977 2909 1013 2975; x_wconf 87' lang='lat' dir='ltr'>iu</span> <span class='ocrx_word' id='word_1_219' title='bbox 1030 2908 1084 2972; x_wconf 87' lang='lat' dir='ltr'>his</span> <span class='ocrx_word' id='word_1_220' title='bbox 1095 2906 1254 2985; x_wconf 82' lang='lat' dir='ltr'>Pseudo·</span> 
     </span>
    </p>
   </div>
   <div class='ocr_carea' id='block_1_7' title="bbox 185 2994 1262 4304">
    <p class='ocr_par' dir='ltr' id='par_1_7' title="bbox 185 2994 1262 4304">
     <span class='ocr_line' id='line_1_31' title="bbox 201 2994 1253 3074; baseline -0.003 -11"><span class='ocrx_word' id='word_1_221' title='bbox 201 2996 403 3074; x_wconf 79' lang='lat' dir='ltr'>Herodoti,</span> <span class='ocrx_word' id='word_1_222' title='bbox 438 2996 585 3063; x_wconf 77' lang='lat' dir='ltr'>Platore</span> <span class='ocrx_word' id='word_1_223' title='bbox 610 2996 641 3074; x_wconf 80' lang='lat' dir='ltr'>i,</span> <span class='ocrx_word' id='word_1_224' title='bbox 672 2996 808 3073; x_wconf 81' lang='lat' dir='ltr'>Procli,</span> <span class='ocrx_word' id='word_1_225' title='bbox 842 2996 1005 3074; x_wconf 78' lang='lat' dir='ltr'>oliorum,</span> <span class='ocrx_word' id='word_1_226' title='bbox 1036 2994 1077 3060; x_wconf 83' lang='lat' dir='ltr'>(le</span> <span class='ocrx_word' id='word_1_227' title='bbox 1105 2994 1253 3065; x_wconf 81' lang='lat' dir='ltr'>Homeri</span> 
     </span>
     <span class='ocr_line' id='line_1_32' title="bbox 191 3082 1253 3172; baseline -0.004 -24"><span class='ocrx_word' id='word_1_228' title='bbox 191 3084 333 3171; x_wconf 79' lang='lat' dir='ltr'>stirpe,</span> <span class='ocrx_word' id='word_1_229' title='bbox 354 3082 569 3167; x_wconf 80' lang='lat' dir='ltr'>perentibus,</span> <span class='ocrx_word' id='word_1_230' title='bbox 593 3084 769 3161; x_wconf 75' lang='lat' dir='ltr'>caecitate,</span> <span class='ocrx_word' id='word_1_231' title='bbox 797 3094 1014 3172; x_wconf 76' lang='lat' dir='ltr'>paupertate,</span> <span class='ocrx_word' id='word_1_232' title='bbox 1043 3083 1112 3144; x_wconf 78' lang='lat' dir='ltr'>vita</span> <span class='ocrx_word' id='word_1_233' title='bbox 1128 3082 1253 3146; x_wconf 84' lang='lat' dir='ltr'>erroti-</span> 
     </span>
     <span class='ocr_line' id='line_1_33' title="bbox 204 3167 1252 3258; baseline -0.001 -24"><span class='ocrx_word' id='word_1_234' title='bbox 204 3190 260 3247; x_wconf 80' lang='lat' dir='ltr'>ou,</span> <span class='ocrx_word' id='word_1_235' title='bbox 284 3168 326 3233; x_wconf 91' lang='lat' dir='ltr'>de</span> <span class='ocrx_word' id='word_1_236' title='bbox 345 3168 427 3233; x_wconf 93' lang='lat' dir='ltr'>ludo</span> <span class='ocrx_word' id='word_1_237' title='bbox 446 3167 613 3237; x_wconf 78' lang='lat' dir='ltr'>litterario</span> <span class='ocrx_word' id='word_1_238' title='bbox 640 3169 683 3234; x_wconf 85' lang='lat' dir='ltr'>ub</span> <span class='ocrx_word' id='word_1_239' title='bbox 714 3182 908 3258; x_wconf 73' lang='lat' dir='ltr'>nortperto,</span> <span class='ocrx_word' id='word_1_240' title='bbox 941 3171 1049 3256; x_wconf 88' lang='lat' dir='ltr'>deque</span> <span class='ocrx_word' id='word_1_241' title='bbox 1067 3169 1179 3254; x_wconf 80' lang='lat' dir='ltr'>longis</span> <span class='ocrx_word' id='word_1_242' title='bbox 1209 3167 1252 3233; x_wconf 83' lang='lat' dir='ltr'>sd</span> 
     </span>
     <span class='ocr_line' id='line_1_34' title="bbox 202 3255 1252 3337; baseline -0.007 -17"><span class='ocrx_word' id='word_1_243' title='bbox 202 3266 337 3320; x_wconf 81' lang='lat' dir='ltr'>exterus</span> <span class='ocrx_word' id='word_1_244' title='bbox 373 3268 466 3321; x_wconf 88' lang='lat' dir='ltr'>entes</span> <span class='ocrx_word' id='word_1_245' title='bbox 476 3257 576 3337; x_wconf 81' lang='lat' dir='ltr'>vetis,</span> <span class='ocrx_word' id='word_1_246' title='bbox 592 3255 790 3333; x_wconf 78' lang='lat' dir='ltr'>itineribus,</span> <span class='ocrx_word' id='word_1_247' title='bbox 804 3269 838 3321; x_wconf 88' lang='lat' dir='ltr'>et</span> <span class='ocrx_word' id='word_1_248' title='bbox 856 3257 1042 3333; x_wconf 83' lang='lat' dir='ltr'>similibus,</span> <span class='ocrx_word' id='word_1_249' title='bbox 1055 3255 1181 3319; x_wconf 82' lang='lat' dir='ltr'>centies</span> <span class='ocrx_word' id='word_1_250' title='bbox 1193 3276 1252 3319; x_wconf 79' lang='lat' dir='ltr'>re.</span> 
     </span>
     <span class='ocr_line' id='line_1_35' title="bbox 203 3275 1252 3431; baseline -0.001 -24"><span class='ocrx_word' id='word_1_251' title='bbox 203 3355 318 3423; x_wconf 82' lang='lat' dir='ltr'>coen,</span> <span class='ocrx_word' id='word_1_252' title='bbox 340 3275 382 3407; x_wconf 64' lang='lat' dir='ltr'>uir</span> <span class='ocrx_word' id='word_1_253' title='bbox 396 3345 535 3431; x_wconf 87' lang='lat' dir='ltr'>optimis</span> <span class='ocrx_word' id='word_1_254' title='bbox 553 3344 695 3430; x_wconf 89' lang='lat' dir='ltr'>quidem</span> <span class='ocrx_word' id='word_1_255' title='bbox 710 3345 814 3419; x_wconf 77' lang='lat' dir='ltr'>viris,</span> <span class='ocrx_word' id='word_1_256' title='bbox 837 3344 893 3407; x_wconf 88' lang='lat' dir='ltr'>sed</span> <span class='ocrx_word' id='word_1_257' title='bbox 905 3343 1022 3408; x_wconf 80' lang='lat' dir='ltr'>iudicii</span> <span class='ocrx_word' id='word_1_258' title='bbox 1034 3363 1155 3428; x_wconf 86' lang='lat' dir='ltr'>porum</span> <span class='ocrx_word' id='word_1_259' title='bbox 1166 3343 1252 3407; x_wconf 84' lang='lat' dir='ltr'>sub-</span> 
     </span>
     <span class='ocr_line' id='line_1_36' title="bbox 202 3430 1253 3509; baseline -0.002 -14"><span class='ocrx_word' id='word_1_260' title='bbox 202 3430 287 3509; x_wconf 77' lang='lat' dir='ltr'>soti,</span> <span class='ocrx_word' id='word_1_261' title='bbox 308 3451 372 3494; x_wconf 90' lang='lat' dir='ltr'>nec</span> <span class='ocrx_word' id='word_1_262' title='bbox 393 3433 458 3493; x_wconf 86' lang='lat' dir='ltr'>nisi</span> <span class='ocrx_word' id='word_1_263' title='bbox 476 3430 694 3497; x_wconf 83' lang='lat' dir='ltr'>mediocriter</span> <span class='ocrx_word' id='word_1_264' title='bbox 713 3453 733 3494; x_wconf 90' lang='lat' dir='ltr'>u</span> <span class='ocrx_word' id='word_1_265' title='bbox 755 3431 911 3496; x_wconf 84' lang='lat' dir='ltr'>doctrine</span> <span class='ocrx_word' id='word_1_266' title='bbox 930 3433 1121 3506; x_wconf 74' lang='lat' dir='ltr'>instructis,</span> <span class='ocrx_word' id='word_1_267' title='bbox 1147 3430 1253 3493; x_wconf 79' lang='lat' dir='ltr'>trulu-</span> 
     </span>
     <span class='ocr_line' id='line_1_37' title="bbox 202 3513 1254 3606; baseline 0.001 -26"><span class='ocrx_word' id='word_1_268' title='bbox 202 3518 285 3581; x_wconf 84' lang='lat' dir='ltr'>ticiu</span> <span class='ocrx_word' id='word_1_269' title='bbox 303 3513 371 3579; x_wconf 88' lang='lat' dir='ltr'>fide</span> <span class='ocrx_word' id='word_1_270' title='bbox 392 3516 495 3602; x_wconf 84' lang='lat' dir='ltr'>vulgo</span> <span class='ocrx_word' id='word_1_271' title='bbox 515 3528 719 3595; x_wconf 78' lang='lat' dir='ltr'>narrentur,</span> <span class='ocrx_word' id='word_1_272' title='bbox 741 3517 904 3606; x_wconf 84' lang='lat' dir='ltr'>pleraque</span> <span class='ocrx_word' id='word_1_273' title='bbox 926 3523 1043 3582; x_wconf 84' lang='lat' dir='ltr'>omnia</span> <span class='ocrx_word' id='word_1_274' title='bbox 1059 3517 1097 3581; x_wconf 88' lang='lat' dir='ltr'>in</span> <span class='ocrx_word' id='word_1_275' title='bbox 1117 3514 1254 3581; x_wconf 82' lang='lat' dir='ltr'>subula-</span> 
     </span>
     <span class='ocr_line' id='line_1_38' title="bbox 202 3602 1253 3691; baseline -0.001 -23"><span class='ocrx_word' id='word_1_276' title='bbox 202 3625 284 3668; x_wconf 86' lang='lat' dir='ltr'>rum</span> <span class='ocrx_word' id='word_1_277' title='bbox 308 3602 451 3669; x_wconf 87' lang='lat' dir='ltr'>unilium</span> <span class='ocrx_word' id='word_1_278' title='bbox 477 3625 542 3667; x_wconf 90' lang='lat' dir='ltr'>nec</span> <span class='ocrx_word' id='word_1_279' title='bbox 572 3604 668 3671; x_wconf 77' lang='lat' dir='ltr'>vuldo</span> <span class='ocrx_word' id='word_1_280' title='bbox 695 3607 955 3691; x_wconf 75' lang='lat' dir='ltr'>ingeniosorum</span> <span class='ocrx_word' id='word_1_281' title='bbox 977 3624 1143 3682; x_wconf 88' lang='lat' dir='ltr'>numero,</span> <span class='ocrx_word' id='word_1_282' title='bbox 1166 3624 1253 3689; x_wconf 86' lang='lat' dir='ltr'>qua·</span> 
     </span>
     <span class='ocr_line' id='line_1_39' title="bbox 202 3690 1250 3778; baseline 0.002 -25"><span class='ocrx_word' id='word_1_283' title='bbox 202 3690 266 3775; x_wconf 83' lang='lat' dir='ltr'>les</span> <span class='ocrx_word' id='word_1_284' title='bbox 285 3691 430 3755; x_wconf 75' lang='lat' dir='ltr'>maximi</span> <span class='ocrx_word' id='word_1_285' title='bbox 455 3699 489 3754; x_wconf 88' lang='lat' dir='ltr'>et</span> <span class='ocrx_word' id='word_1_286' title='bbox 514 3693 796 3778; x_wconf 75' lang='lat' dir='ltr'>praestantissimi</span> <span class='ocrx_word' id='word_1_287' title='bbox 820 3694 1000 3778; x_wconf 78' lang='lat' dir='ltr'>cuiusque,</span> <span class='ocrx_word' id='word_1_288' title='bbox 1033 3690 1143 3755; x_wconf 85' lang='lat' dir='ltr'>multo</span> <span class='ocrx_word' id='word_1_289' title='bbox 1169 3712 1250 3755; x_wconf 88' lang='lat' dir='ltr'>vero</span> 
     </span>
     <span class='ocr_line' id='line_1_40' title="bbox 203 3775 1250 3868; baseline -0.004 -24"><span class='ocrx_word' id='word_1_290' title='bbox 203 3777 405 3864; x_wconf 80' lang='lat' dir='ltr'>megistum</span> <span class='ocrx_word' id='word_1_291' title='bbox 431 3788 583 3844; x_wconf 78' lang='lat' dir='ltr'>remotae</span> <span class='ocrx_word' id='word_1_292' title='bbox 604 3780 814 3868; x_wconf 78' lang='lat' dir='ltr'>sistiquitutis</span> <span class='ocrx_word' id='word_1_293' title='bbox 848 3780 915 3845; x_wconf 85' lang='lat' dir='ltr'>viri</span> <span class='ocrx_word' id='word_1_294' title='bbox 942 3778 1104 3843; x_wconf 81' lang='lat' dir='ltr'>historiae</span> <span class='ocrx_word' id='word_1_295' title='bbox 1136 3775 1250 3863; x_wconf 84' lang='lat' dir='ltr'>affingi</span> 
     </span>
     <span class='ocr_line' id='line_1_41' title="bbox 203 3864 1251 3953; baseline -0.001 -23"><span class='ocrx_word' id='word_1_296' title='bbox 203 3865 332 3944; x_wconf 87' lang='lat' dir='ltr'>solent,</span> <span class='ocrx_word' id='word_1_297' title='bbox 355 3864 516 3953; x_wconf 85' lang='lat' dir='ltr'>ponende</span> <span class='ocrx_word' id='word_1_298' title='bbox 536 3887 608 3931; x_wconf 85' lang='lat' dir='ltr'>esse</span> <span class='ocrx_word' id='word_1_299' title='bbox 633 3867 883 3932; x_wconf 84' lang='lat' dir='ltr'>contendimus.</span> <span class='ocrx_word' id='word_1_300' title='bbox 907 3864 912 3871; x_wconf 73' lang='grc'><strong><em>’</em></strong></span> <span class='ocrx_word' id='word_1_301' title='bbox 933 3865 1124 3931; x_wconf 82' lang='lat' dir='ltr'>Graeciam</span> <span class='ocrx_word' id='word_1_302' title='bbox 1143 3866 1251 3929; x_wconf 82' lang='lat' dir='ltr'>Asio-</span> 
     </span>
     <span class='ocr_line' id='line_1_42' title="bbox 185 3951 1253 4041; baseline 0 -23"><span class='ocrx_word' id='word_1_303' title='bbox 185 3956 316 4019; x_wconf 73' lang='lat' dir='ltr'>tioam</span> <span class='ocrx_word' id='word_1_304' title='bbox 345 3952 503 4039; x_wconf 89' lang='lat' dir='ltr'>quidem,</span> <span class='ocrx_word' id='word_1_305' title='bbox 536 3953 707 4041; x_wconf 86' lang='lat' dir='ltr'>imprimis</span> <span class='ocrx_word' id='word_1_306' title='bbox 734 3954 895 4033; x_wconf 81' lang='lat' dir='ltr'>Ioniam,</span> <span class='ocrx_word' id='word_1_307' title='bbox 928 3951 1077 4017; x_wconf 89' lang='lat' dir='ltr'>Homeri</span> <span class='ocrx_word' id='word_1_308' title='bbox 1103 3954 1253 4041; x_wconf 84' lang='lat' dir='ltr'>putrium</span> 
     </span>
     <span class='ocr_line' id='line_1_43' title="bbox 196 4037 1262 4129; baseline -0.007 -23"><span class='ocrx_word' id='word_1_309' title='bbox 196 4037 325 4116; x_wconf 75' lang='lat' dir='ltr'>fuisso,</span> <span class='ocrx_word' id='word_1_310' title='bbox 347 4041 421 4128; x_wconf 85' lang='lat' dir='ltr'>ipso</span> <span class='ocrx_word' id='word_1_311' title='bbox 441 4041 594 4106; x_wconf 81' lang='lat' dir='ltr'>carmine</span> <span class='ocrx_word' id='word_1_312' title='bbox 626 4064 710 4129; x_wconf 82' lang='lat' dir='ltr'>quse</span> <span class='ocrx_word' id='word_1_313' title='bbox 739 4041 876 4127; x_wconf 87' lang='lat' dir='ltr'>reliquit</span> <span class='ocrx_word' id='word_1_314' title='bbox 908 4038 1074 4117; x_wconf 76' lang='lat' dir='ltr'>clament,</span> <span class='ocrx_word' id='word_1_315' title='bbox 1104 4050 1138 4102; x_wconf 88' lang='lat' dir='ltr'>et</span> <span class='ocrx_word' id='word_1_316' title='bbox 1164 4050 1262 4105; x_wconf 70' lang='lat' dir='ltr'>con-‘</span> 
     </span>
     <span class='ocr_line' id='line_1_44' title="bbox 202 4125 1251 4214; baseline -0.002 -21"><span class='ocrx_word' id='word_1_317' title='bbox 202 4125 307 4193; x_wconf 78' lang='lat' dir='ltr'>sunu</span> <span class='ocrx_word' id='word_1_318' title='bbox 327 4127 534 4214; x_wconf 76' lang='lat' dir='ltr'>antiquitatis</span> <span class='ocrx_word' id='word_1_319' title='bbox 559 4125 648 4193; x_wconf 84' lang='lat' dir='ltr'>semu</span> <span class='ocrx_word' id='word_1_320' title='bbox 673 4127 847 4194; x_wconf 85' lang='lat' dir='ltr'>firmetur:</span> <span class='ocrx_word' id='word_1_321' title='bbox 879 4139 913 4191; x_wconf 85' lang='lat' dir='ltr'>nt</span> <span class='ocrx_word' id='word_1_322' title='bbox 939 4128 968 4191; x_wconf 89' lang='lat' dir='ltr'>si</span> <span class='ocrx_word' id='word_1_323' title='bbox 996 4126 1037 4190; x_wconf 87' lang='lat' dir='ltr'>de</span> <span class='ocrx_word' id='word_1_324' title='bbox 1064 4127 1138 4192; x_wconf 87' lang='lat' dir='ltr'>loco</span> <span class='ocrx_word' id='word_1_325' title='bbox 1169 4126 1251 4188; x_wconf 73' lang='lat' dir='ltr'>votis</span> 
     </span>
     <span class='ocr_line' id='line_1_45' title="bbox 206 4212 1253 4304; baseline -0.003 -23"><span class='ocrx_word' id='word_1_326' title='bbox 206 4215 365 4287; x_wconf 79' lang='lat' dir='ltr'>omnium</span> <span class='ocrx_word' id='word_1_327' title='bbox 392 4212 607 4283; x_wconf 81' lang='lat' dir='ltr'>celeberrimi</span> <span class='ocrx_word' id='word_1_328' title='bbox 629 4218 747 4286; x_wconf 76' lang='lat' dir='ltr'>natali</span> <span class='ocrx_word' id='word_1_329' title='bbox 777 4215 974 4304; x_wconf 77' lang='lat' dir='ltr'>quaeritur,</span> <span class='ocrx_word' id='word_1_330' title='bbox 1001 4214 1093 4280; x_wconf 83' lang='lat' dir='ltr'>iuter</span> <span class='ocrx_word' id='word_1_331' title='bbox 1123 4213 1253 4283; x_wconf 75' lang='lat' dir='ltr'>Citium</span> 
     </span>
    </p>
   </div>
   <div class='ocr_carea' id='block_1_8' title="bbox 0 0 1477 4875">
    <p class='ocr_par' dir='ltr' id='par_1_8' title="bbox 0 0 1477 4875">
     <span class='ocr_line' id='line_1_46' title="bbox 0 0 1477 4875; baseline 0 0"><span class='ocrx_word' id='word_1_332' title='bbox 0 0 1477 4875; x_wconf 95' lang='lat' dir='ltr'> </span> 
     </span>
    </p>
   </div>
  </div>
 </body>
</html>
