2942 4875
419 540 1048 638 Aescnwrne'sLHrrenrnas
1201 545 1310 674 ι95ι

207 725 310 814 palus
322 725 527 788 decreverat.
541 717 744 787 Orationem
756 721 853 798 hanc,
863 743 940 786 cum
949 718 1194 785 Demosthenis
1205 718 1264 784 ille

207 836 275 902 pro
287 833 393 877 casua
406 809 656 898 Ctesiphontis,
671 811 706 870 in
720 808 863 871 latinum
876 809 957 872 olim
972 828 1166 871 sermonem
1178 805 1264 869 libe-

209 922 247 964 re
266 906 481 962 converterat
502 897 643 972 Cicero,
659 895 909 981 gladiatorum
922 917 992 983 par
1009 894 1265 958 nobilissimam
1358 936 1362 945 -

209 987 386 1050 induxisse
415 1005 449 1047 se
471 980 662 1071 professus,
688 993 724 1044 ut
744 995 833 1045 esset
859 985 997 1067 regula,
1020 980 1062 1042 ad
1085 1001 1187 1065 quam
1204 1002 1266 1042 eo·
1305 1025 1309 1036 .

209 1095 288 1138 rum
313 1073 372 1157 qui
392 1069 506 1133 Attice
533 1068 649 1136 volent
667 1067 797 1145 dicere,
820 1068 1050 1155 dirigerentur
1080 1069 1266 1153 exigeren-

210 1168 333 1244 turque
352 1157 532 1223 orationes.
557 1155 646 1221 Vide
666 1152 818 1218 libellum
839 1177 907 1243 quo
928 1157 1076 1222 versioni
1097 1154 1178 1217 huic
1203 1157 1267 1217 de-

210 1247 363 1335 perditae
392 1241 531 1307 Tullius
552 1239 778 1329 praeluserats
804 1241 864 1308 De
885 1243 1017 1332 optimo
1034 1261 1165 1329 genere
1183 1263 1267 1307 uro·

211 1343 327 1400 torum
350 1353 379 1394 o.
399 1338 469 1417 5·7.

275 1419 329 1482 De
350 1415 498 1480 Oratore
515 1415 599 1490 hoc,
622 1413 677 1476 cui
693 1411 956 1502 μεγαλοφωνὶαν
972 1413 1043 1497 ipse
1055 1409 1266 1479 Demosthe.

212 1527 293 1581 nes,
316 1504 471 1568 sonitum
489 1500 612 1564 Cicero
632 1500 769 1576 tribuit,
792 1522 929 1587 quoque
946 1501 1037 1562 idem
1057 1501 1149 1564 nihil
1168 1501 1268 1566 arbi·

212 1602 332 1658 tratur
346 1589 502 1675 eogitari
538 1607 611 1650 osse
628 1584 797 1660 diviuitas.
814 1588 863 1650 sic
881 1587 1008 1649 iudicat
1025 1584 1268 1666 Quintilianum

214 1675 393 1758 „Plenior
412 1610 619 1752 Aeschines,
649 1682 682 1736 et
704 1674 810 1759 magis
834 1672 948 1755 fusus,
971 1685 1006 1735 et
1025 1671 1202 1757 grandiori
1220 1676 1271 1739 si-

215 1807 237 1842 „
250 1761 356 1840 milis,
379 1781 447 1847 quo
464 1759 579 1823 tainus
596 1759 731 1822 strictus
749 1773 815 1825 est:
839 1765 950 1824 carnis
971 1772 1085 1824 tamen
1108 1761 1187 1848 plus
1207 1760 1272 1825 ha·-

217 1895 239 1930 ,‚
252 1848 326 1927 bet,
348 1848 552 1911 lacertorum
572 1847 719 1909 minus.”
741 1844 788 1913 X.
805 1870 831 1911 ι.
844 1866 895 1934 77.
913 1845 991 1910 coll.
1003 1841 1083 1910 XII.
1101 1865 1149 1912 ιο.
1161 1845 1214 1913 23.

284 1933 323 1998 Ia
339 1931 523 1997 codicibus
538 1933 723 1998 Aeschinis
742 1938 913 1997 orationes
924 1933 1119 2021 saepissime
1137 1935 1274 1997 iunctae

216 2019 597 2086 suntDemorthenicis.
640 2016 717 2082 dem
729 2018 771 2080 ab
782 2019 971 2085 editoribus
992 2022 1120 2107 passim
1130 2017 1272 2100 factum,

215 2119 257 2173 ut
274 2103 316 2170 ab
338 2105 444 2172 Hier.
464 2103 656 2194 Wolfio·et
673 2106 725 2170 Ia.
744 2105 904 2194 Toylora.
951 2105 1040 2171 Cum
1062 2108 1137 2173 aliis
1156 2117 1276 2172 orato·

155 2191 159 2198 ’
216 2193 314 2259 ribus
333 2193 442 2256 editae
456 2206 535 2257 aunt
551 2194 592 2256 ab
604 2191 698 2256 Aldo
716 2192 883 2257 Munatio
910 2193 1275 2260 Venetiis1513fol.-

219 2277 262 2345 ab
291 2278 344 2345 H.
361 2280 422 2344 See
446 2280 538 2343 hano
560 2275 713 2366 1575sol.
730 2320 774 2333 --
798 2278 838 2340 ab
860 2279 1004 2345 Reiskio
1022 2287 1059 2346 iu
1069 2279 1218 2346 Votltt.
1240 2289 1276 2345 et

220 2367 285 2432 tv.
307 2364 388 2429 00.
437 2362 481 2428 G.
510 2363 570 2450 qui
591 2373 759 2451 apparatu
779 2365 899 2428 critico
926 2366 978 2431 'l'e
1007 2367 1071 2431 lori
1096 2379 1130 2432 et
1157 2368 1276 2433 codice

220 2451 490 2518 Helmstediensi
522 2472 603 2513 usus
627 2461 678 2515 est
703 2453 855 2537 egregio,
881 2389 1091 2546 Schollaque
1111 2453 1276 2519 hactenus

222 2539 350 2604 inedita
366 2558 410 2603 ex
425 2537 502 2602 cod.
522 2534 641 2601 Oxou.
665 2539 798 2603 adiecit.
812 2576 849 2593 -
876 2538 1026 2624 Graece,
1049 2540 1092 2604 ad
1112 2543 1277 2626 optimor.

112 2622 122 2647 ’
221 2623 343 2691 libror.
375 2622 500 2699 fidem,
542 2623 635 2712 apud
664 2624 876 2690 'l'auchnitm
903 2625 1041 2715 Lipsiae
1068 2628 1277 2695 stans...-

224 2710 288 2776 Or.
310 2717 347 2776 in
364 2708 516 2797 Ctesiph.
533 2732 612 2773 cum
634 2708 877 2775 Demosthenis
893 2714 950 2781 illa
973 2736 1036 2803 pro
1054 2712 1189 2778 Corona
1207 2736 1292 2779 rec.·

229 2799 284 2866 W
283 2798 521 2871 underliclrius
540 2795 636 2863 Gott.
653 2798 746 2863 1810.
758 2800 790 2864 8.
810 2808 844 2861 et
859 2801 959 2865 Imm.
980 2799 1158 2868 Bekkerue
1170 2801 1280 2867 Halae

225 2885 319 2950 1815.
334 2886 364 2950 8.
378 2887 457 2948 mai.

290 2972 473 3059 Epistulas
483 2968 564 3037 ΧΠ.
586 2967 650 3035 sub
670 2968 854 3035 Aeschinis
874 2972 1037 3051 nornine,
1060 2994 1144 3059 quas
1163 2975 1279 3039 mani·

222 3054 310 3143 feste
332 3056 465 3146 spurias
487 3080 559 3121 esse
581 3055 764 3143 probatum
783 3060 847 3123 ivit
878 3057 1047 3148 Taylorus
1065 3067 1103 3123 in
1127 3060 1279 3148 praefat..

228 3144 411 3229 seperatim
435 3164 513 3208 cam
535 3147 711 3207 variorum
734 3146 826 3209 notis
845 3149 1096 3213 accuratissima
1119 3149 1226 3213 edidit
1245 3150 1276 3214 1.

224 3228 435 3295 &Sammet
458 3230 595 3319 Lipsiae
619 3230 755 3320 1771.8.

199 3418 203 3433 ’
262 3402 380 3457 01ιν.Ρν.
393 3403 537 3457 Maestae·
547 3402 652 3456 Proles.
665 3404 738 3458 acad.
756 3403 799 3458 De
812 3394 944 3460 Aeetine
958 3371 1071 3461 oratore.
1088 3408 1191 3477 Lipsise
1205 3424 1279 3475 ¹77⁰·

294 3471 321 3522 4.
341 3488 433 3522 recusa
450 3473 477 3522 in
490 3468 1029 3543 scotti00.GG.Vot.1Vro.—Vasry
1046 3479 1074 3528 in
1086 3477 1155 3531 tine
1167 3474 1201 3529 dh
1215 3478 1278 3530 ΓΔ·
1384 3537 1387 3544 ,

292 3536 351 3602 cm,
363 3536 409 3589 des
424 3536 507 3590 lusor.
521 3538 555 3590 Τ.
564 3536 635 3592 xlv.
1269 3542 1271 3553 ⁴

698 3662 724 3760 i·
748 3672 803 3763 9⁴·

294 3817 493 3910 Hyperidis
513 3812 623 3888 Attici
644 3844 664 3889 e
682 3844 772 3913 pago
792 3821 954 3915 Colytto‚
976 3825 1130 3895 Platonis
1156 3825 1276 3895 itidem

229 3914 265 3973 et
288 3905 445 3972 Isocratis
468 3909 649 3986 auditoris,
671 3934 774 3996 quem
795 3925 830 3976 et
846 3935 1010 4000 magnum
1032 3927 1222 3999 oratorem,
1242 3928 1278 3981 et

229 3994 343 4058 virum
369 3995 466 4077 iusti,
494 3997 584 4076 reri,
613 3993 782 4063 libertatis
805 4023 845 4066 ac
867 4002 1091 4090 reipublicae,
1119 4024 1186 4093 pro
1210 4027 1278 4093 qua

228 4078 346 4167 plures
360 4080 544 4167 legationes
556 4089 717 4170 suscepit,
734 4107 834 4152 eman
840 4089 1005 4154 tissimum
1015 4089 1118 4155 fuisse
1127 4091 1279 4173 uadunt,

228 4165 313 4231 adeo
325 4177 364 4231 ut
378 4169 431 4234 vel
448 4169 735 4251 Demosthenem,
758 4175 908 4243 amicum
925 4196 1043 4259 suum,
1064 4188 1219 4264 acceptae
1235 4181 1278 4243 ab

228 4251 402 4344 Harpalo,
423 4256 659 4325 Macedonum
672 4260 864 4349 praelecto,
881 4264 1046 4352 pecuniae
1060 4288 1230 4351 accusare,
1242 4269 1280 4333 in

1022 4351 1066 4416 25
