2942 4875
900 327 904 358 l

192 471 197 476 .
280 412 324 477 te
637 426 975 476 annocum

279 585 381 672 prisci
403 582 571 648 sermonis
582 582 818 669 simplicitate,
843 585 1042 671 notitiisque
1058 603 1175 648 rerum
1197 593 1231 646 et
1249 582 1318 648 ho·

281 671 491 736 minum‘illa
514 681 620 733 aetate
653 671 947 752 memorabilium,
977 695 1062 757 quae
1089 673 1211 755 passim
1233 673 1320 734 iniis

280 761 522 844 reperiimtnr,
546 759 747 821 suavissimi.
794 759 927 837 Quibus
949 780 994 819 nu
1023 781 1059 820 er
1079 758 1323 840 ecodicethlu·

279 846 404 908 tineosi
426 867 506 907 cura
533 867 571 906 ec
588 843 758 927 diligentia
778 845 954 909 clarissimi
981 781 1127 909 dietkeri
1146 847 1232 907 eruti
1246 866 1323 905 rer-

279 955 336 996 sus
362 941 499 993 centum
526 931 770 1017 quinquaginta
790 953 930 1008 norem,
951 934 1144 1014 argumenti
1165 933 1320 994 maxime

280 1020 415 1095 eroticI,
456 1029 678 1080 accesserunt.
734 1021 814 1081 Non
839 1041 957 1082 omnes
982 1033 1116 1094 tamen,
1154 1027 1323 1104 quotquot

278 1127 373 1170 nunc
395 1105 572 1186 leguntur,
594 1106 653 1167 sed
675 1107 839 1170 maiorem
865 1107 977 1168 solum
992 1107 1168 1188 elegorum
1185 1118 1322 1189 partem

281 1189 497 1273 Theognidis
536 1213 624 1266 esse,
665 1193 814 1277 reliquos
856 1193 1017 1271 aliarum,
1064 1193 1320 1276 'l'heogonideis

279 1279 425 1343 lortasse
455 1278 686 1362 antiquiorum
716 1291 749 1342 et
778 1282 1012 1342 recentiorum
1040 1280 1223 1362 elegiarum
1250 1281 1323 1340 lra-

279 1374 436 1449 gmenta,
473 1364 608 1426 insertis
638 1367 737 1429 etiam
765 1370 994 1451 genuinorum
1025 1386 1184 1429 versuum
1217 1366 1322 1427 meris

279 1448 539 1539 repetitionibus
562 1452 890 1541 variationibusque,
908 1453 1060 1516 habenda
1079 1455 1207 1515 videri.
1229 1451 1322 1538 opti·

278 1559 417 1602 morum
442 1538 642 1601 criticorum
666 1552 825 1603 constans
849 1552 882 1602 et
904 1541 1146 1603 verisimillime
1177 1543 1225 1600 est
1244 1541 1321 1625 opi-

278 1625 350 1690 nio,
398 1622 567 1687 Codicum
585 1626 680 1702 Mss„
697 1629 731 1690 in
757 1628 878 1713 quibus
902 1649 978 1689 cum
1002 1627 1202 1702 lecrlidis
1222 1623 1323 1687 Gno-

277 1714 345 1776 mis
367 1711 469 1792 vulgo
491 1708 668 1794 leguntur,
693 1717 849 1777 notitiam
876 1713 987 1776 adhue
1009 1734 1129 1797 parum
1158 1712 1320 1797 explora-

277 1809 350 1862 tam
373 1795 546 1859 hahemus.
595 1798 861 1864 Praestantiores
888 1812 999 1863 tamen
1022 1813 1100 1862 nint
1125 1797 1210 1862 Bibl.
1237 1798 1320 1881 Reg.

277 1885 450 1950 Parisini.
475 1882 826 1967 quilursBrunckiue3
847 1888 1052 1950 Mutinensis
1075 1897 1107 1947 et
1130 1888 1321 1958 Vaticanus,

278 1971 401 2058 quihus
434 1968 610 2032 Bellerus
636 1992 716 2034 usus
743 1984 802 2035 est.
837 1975 1045 2037 Milioniam
1076 1994 1236 2046 censum,
1263 1970 1321 2034 sed

277 2080 347 2122 non
368 2056 576 2140 genetirum,
602 2055 692 2119 dedit
711 2060 851 2123 Kallias
862 2061 895 2121 in
909 2061 1102 2145 specimine
1122 2081 1229 2121 norae
1243 2059 1318 2121 edit.

277 2142 482 2206 Sententiar.
510 2140 542 2201 T
546 2143 667 2224 heogn.
701 2145 903 2230 Gottingae,
935 2149 1043 2228 qut,
1073 2145 1315 2232 supplementis

277 2231 376 2296 auxit
401 2226 589 2304 (s'landorli
607 2231 647 2290 nd
665 2253 768 2295 carm.
788 2256 929 2295 aureum
941 2233 1167 2318 Pythagorae.
1182 2231 1319 2296 Princi-

274 2340 359 2409 pem
378 2311 589 2395 Theognidis
622 2318 700 2382 edit.
722 2319 896 2384 Aldinnm
923 2342 1002 2382 cuin
1027 2320 1178 2384 Hesiodo
1204 2319 1320 2382 Vene-

277 2409 335 2469 tiis
359 2401 452 2486 1495.
476 2403 587 2464 lorme
610 2423 700 2468 max.
725 2429 828 2492 supra
845 2408 886 2487 (ξ
907 2413 973 2495 27.)
991 2406 1212 2470 laudavimus.
1242 2403 1322 2468 Cri-

196 2542 200 2548 .
276 2494 363 2555 ticos
394 2489 658 2553 edd.¹curaiunt
685 2493 788 2556 Elios
816 2488 984 2569 Vinctus,
1012 2495 1150 2557 Parisiis
1176 2492 1267 2559 1543.
1291 2493 1322 2557 8.

282 2578 524 2651 Camerarius,
558 2576 705 2640 Basileac
744 2581 821 2645 1551
856 2594 889 2644 et
930 2581 1019 2642 1555.
1047 2582 1198 2657 octonis,
1224 2590 1321 2653 tum„

277 2666 385 2729 trium
420 2664 504 2726 hlss.
525 2659 758 2730 Parisinornm
785 2689 849 2753 ope
875 2667 1028 2742 adiutus,
1056 2667 1322 2741 Brnnckius,in

277 2771 421 2836 corpore
441 2748 692 2814 Gnomicorum
714 2755 805 2839 quod
830 2755 1044 2818 inscribitur:
1062 2748 1195 2832 Ἡθικη
1217 2775 1317 2830 ποιη-

278 2861 333 2915 σις
361 2860 386 2899 s.
421 2834 587 2899 Gnomici
612 2836 741 2903 Poe'lae
760 2843 901 2921 graeci,
930 2842 1153 2922 Argentorati
1179 2846 1269 2924 178³.
1288 2837 1319 2903 8.

277 2927 338 2991 aed
354 2924 445 2986 euris
473 2922 657 2985 doctissimi
677 2928 860 3011 Selmejeri
872 2929 1059 2990 secundnm
1079 2928 1199 2999 edito,¹
1212 2925 1323 2987 notis-

277 3034 343 3101 que
367 3020 400 3072 et
416 3006 587 3072 indicibus
612 3020 709 3071 aucto
728 3013 867 3097 Lipsiae
890 3024 981 3093 1817.
998 3016 1073 3075 8.-
1090 3036 1198 3098 nuper
1221 3010 1321 3072 deni-

278 3121 360 3186 que,
380 3118 480 3182 quem
500 3096 567 3157 iam
584 3093 815 3175 laudavimus,
830 3101 1030 3164 immanuel
1051 3101 1238 3171 Beki-erus,
1260 3119 1323 3160 cu-

276 3190 330 3251 ius
354 3206 455 3269 opera
485 3182 646 3266 prodiere
676 3185 892 3272 Theognidis
915 3183 1021 3270 Etegi
1049 3210 1090 3250 ea·
1108 3184 1186 3273 fide
1210 3184 1321 3247 libro-

276 3296 355 3340 rum
381 3270 470 3334 Mas.
486 3270 650 3333 recensiti
670 3283 704 3334 et
721 3274 835 3347 ancti,
857 3297 933 3336 cnm
946 3273 1039 3336 notis
1058 3273 1120 3335 Fr.
1142 3270 1323 3358 osrlbnrgr'i

276 3372 311 3424 et
342 3356 521 3443 Brnnckii·
536 3356 674 3438 Lipsiae
709 3360 800 3423 1815.
824 3361 853 3423 8.
886 3359 1002 3421 Bonae
1031 3356 1320 3443 interpretationis

275 3467 359 3511 vero
385 3442 480 3506 lande
497 3443 667 3527 imprimis
675 3443 954 3508 commendabilis
977 3456 1027 3507 est
1040 3446 1142 3511 editio
1158 3444 1321 3508 Michae-

276 3532 322 3597 lis
346 3530 511 3595 Neandri
546 3531 582 3591 in
609 3527 720 3616 Opere
747 3556 852 3595 nureo
881 3544 914 3594 et
939 3533 1145 3595 scholastico
1171 3530 1338 3594 Basileae.

279 3621 372 3703 1559·
392 3624 422 3681 tt.
443 3638 562 3679 recuso
577 3616 715 3701 Lipsiae
740 3619 830 3703 ¹577·
854 3621 884 3680 lt.
906 3619 1147 3685 Memorandae
1162 3625 1321 3701 praeter-

275 3726 315 3768 ea
335 3704 476 3766 veniunt
495 3702 660 3765 editiones
690 3704 807 3768 Seberi
834 3705 973 3790 Lipsiae
1000 3709 1089 3771 rtiao.
1113 3706 1143 3765 8.
1165 3704 1198 3767 J.
1222 3701 1262 3765 V
1259 3724 1317 3763 or-

275 3793 339 3856 atti
361 3788 596 3873 Bernl.1l37lt,
622 3790 762 3853 tertium
790 3802 892 3875 repet.
913 3814 992 3853 cura
1027 3793 1058 3855 J.
1075 3792 1106 3856 J.
1130 3789 1317 3853 Scltro'deri

274 3878 388 3943 Marh.
417 3874 509 3963 1733.
532 3880 579 3953 8.;
605 3880 735 3942 Antan.
757 3878 979 3951 Rtaetnetli,
1007 3877 1157 3941 Londiui
1184 3873 1276 3943 1706,
1287 3874 1318 3937 8.

273 3976 309 4028 et
337 3967 647 4029 Hs'intertoninnne
668 3984 746 4025 cum
767 3965 939 4039 Hesiodo,
968 3965 1155 4029 Theocrito
1176 3963 1319 4044 aliisque

274 4051 443 4136 gnominis
466 4052 593 4138 politis,
623 4051 816 4135 Cantabrig.
841 4050 929 4117 1635.
946 4053 976 4117 8.
1009 4053 1098 4113 1652.
1128 4063 1162 4114 et
1182 4054 1317 4135 saepius

274 4138 436 4225 deinceps
464 4138 647 4226 repetitae,
675 4140 874 4227 nuperrime
897 4138 1108 4211 emendatius
1138 4136 1319 4202 ethome
