2942 4875
170 379 215 431 Π

168 541 317 627 ptura:
343 549 407 600 eae
428 550 567 619 omncs,
588 524 652 600 etsi
673 527 851 602 nonnulla
873 526 982 606 huius
1001 517 1142 630 generis
1160 558 1239 633 pas·

67 723 71 734 .
171 663 241 738 sim
261 660 384 764 tetigi,
409 688 455 735 ne
481 681 600 736 tamen
630 662 670 735 in
691 664 841 739 nimiam
872 666 1009 740 molem
1036 667 1132 741 liber
1158 695 1237 741 suc·

167 817 361 893 cresceret,
381 797 442 870 alii
459 817 495 871 et
512 797 755 873 commodiori
772 800 856 873 loco
875 800 1105 876 reservandae
1122 822 1236 876 erant.

175 934 348 1009 Ceterum
372 953 416 1010 ut
436 931 574 1026 libelli,
609 959 719 1034 quem
750 933 836 1010 viris
861 936 998 1036 aliquot
1023 936 1240 1011 doctissimis

175 1068 472 1169 clarissimisque,
498 1068 682 1169 inquibus
693 1069 1059 1168 Morgensternium,
1085 1072 1244 1171 Dorpati

176 1205 305 1300 decus,
331 1226 367 1280 et
391 1208 634 1298 Petronium,
660 1208 903 1305 professorem
914 1208 1240 1297 Vratislaviensem,

173 1339 327 1416 honoris
343 1367 449 1414 causa
468 1341 639 1434 nomino,
661 1340 762 1416 haud
778 1340 999 1441 displicuisse
1022 1343 1147 1433 laetor,
1162 1369 1238 1415 non

173 1502 269 1552 nova
287 1495 450 1569 tantum,
482 1472 546 1549 scd
567 1478 682 1564 etiam,
700 1474 894 1577 diligenter
921 1476 1128 1570 emendata,
1153 1476 1238 1550 insi·

172 1614 295 1714 guiter
322 1632 446 1704 ancta,
479 1639 521 1686 ac
546 1612 694 1711 passim,
725 1613 791 1686 ubi
818 1639 882 1712 per
909 1615 1029 1714 operis
1048 1641 1238 1698 summam,

168 1750 394 1848 cogitatione
410 1747 522 1824 semel
537 1749 784 1847 praeceptam,
810 1748 890 1824 fieri
910 1748 1022 1840 licuit,
1049 1768 1236 1825 retractata
1267 1851 1271 1860 Ι

176 1882 289 1961 editio
311 1881 499 1984 prodiret,
526 1879 653 1954 sedulo
673 1881 817 1974 curari,
844 1883 1011 1958 Censoris
1038 1883 1175 1981 egregii
1196 1883 1234 1958 iu
1320 1879 1322 1886 ¹

176 2003 481 2120 Epherieridihus
501 2013 710 2091 lunensibus
736 2016 873 2092 monita
892 2016 1115 2119 potissimum
1136 2043 1235 2092 secu·

169 2179 245 2240 tua
297 2152 409 2248 Quod
429 2154 530 2252 prior
548 2148 697 2230 demum
723 2152 844 2253 operis
865 2178 950 2251 pars
975 2179 1136 2228 seorsum
1157 2152 1236 2224 rul-

176 2312 301 2395 gutur,
327 2316 386 2365 ma
408 2286 559 2389 quidem
576 2287 690 2361 invito
709 2287 876 2362 accidisse
897 2291 1022 2362 fateor.
1064 2286 1136 2363 Sed
1157 2314 1235 2362 mo·
1275 2271 1278 2277 ⁵

80 2492 84 2499 .
175 2448 240 2505 rae'
254 2424 400 2502 aliunde
419 2425 538 2504 illatae
557 2422 765 2525 impatiens,
787 2425 979 2525 praecipua
996 2424 1105 2498 totius
1122 2422 1235 2501 Grae·

175 2593 304 2645 corum
323 2563 545 2665 litteraturae
564 2580 682 2662 parte,
709 2562 864 2660 primam
882 2581 917 2636 et
942 2558 1136 2635 secundam
1155 2559 1231 2632 eius

176 2721 328 2779 aetatem
350 2699 632 2800 complectente,
656 2695 802 2771 tandem
823 2698 994 2789 absoluta,
1019 2695 1087 2769 hac
1107 2692 1234 2766 saltem

175 2839 407 2941 promulgata
427 2834 640 2909 discentium
663 2831 781 2909 studia
801 2834 936 2926 iuvare,
961 2858 1071 2932 quam
1095 2825 1231 2927 integri

137 2952 146 2963 ι
175 2977 281 3069 libri,
306 2974 400 3049 iutra
426 2971 510 3048 anni
529 2969 714 3045 dumtaxat
732 2968 886 3070 spatium
898 2962 1126 3067 profligandi,
1152 2960 1233 3035 diu-

175 3134 284 3191 turna
305 3102 569 3210 exspectatione
589 3103 772 3180 retardare
793 3104 916 3180 malui.
938 3194 942 3203 .
967 3101 1082 3177 Scrib.
1100 3097 1232 3175 Vilnan

173 3245 299 3327 Pridie
323 3244 449 3320 Nonas
467 3241 582 3318 Maias
605 3237 887 3321 MDCCCXXI,
