<?xml version="1.0" encoding="UTF-8"?>
<!DOCTYPE html PUBLIC "-//W3C//DTD XHTML 1.0 Transitional//EN"
    "http://www.w3.org/TR/xhtml1/DTD/xhtml1-transitional.dtd">
<html xmlns="http://www.w3.org/1999/xhtml" xml:lang="en" lang="en">
 <head>
  <title>
</title>
<meta http-equiv="Content-Type" content="text/html;charset=utf-8" />
  <meta name='ocr-system' content='tesseract 3.04.00' />
  <meta name='ocr-capabilities' content='ocr_page ocr_carea ocr_par ocr_line ocrx_word'/>
</head>
<body>
  <div class='ocr_page' id='page_1' title='image "./initiahistoriae00grodgoog_0431.png"; bbox 0 0 2942 4875; ppageno 0'>
   <div class='ocr_carea' id='block_1_1' title="bbox 370 388 1246 461">
    <p class='ocr_par' dir='ltr' id='par_1_1' title="bbox 370 388 1246 461">
     <span class='ocr_line' id='line_1_1' title="bbox 370 388 1246 461; baseline -0.005 -5"><span class='ocrx_word' id='word_1_1' title='bbox 370 388 573 456; x_wconf 81' lang='lat' dir='ltr'><strong>Hrsrorsrcr</strong></span> <span class='ocrx_word' id='word_1_2' title='bbox 596 404 689 456; x_wconf 84' lang='lat' dir='ltr'><strong>rosr</strong></span> <span class='ocrx_word' id='word_1_3' title='bbox 713 391 1015 457; x_wconf 66' lang='lat' dir='ltr'><strong>conscissurus</strong></span> <span class='ocrx_word' id='word_1_4' title='bbox 1027 390 1078 454; x_wconf 88' lang='lat' dir='ltr'><strong>M.</strong></span> <span class='ocrx_word' id='word_1_5' title='bbox 1127 450 1135 461; x_wconf 83' lang='lat'><strong>,</strong></span> <span class='ocrx_word' id='word_1_6' title='bbox 1189 388 1246 453; x_wconf 85' lang='lat'><strong>181</strong></span> 
     </span>
    </p>
   </div>
   <div class='ocr_carea' id='block_1_2' title="bbox 110 540 1250 1930">
    <p class='ocr_par' dir='ltr' id='par_1_2' title="bbox 195 540 1250 1319">
     <span class='ocr_line' id='line_1_2' title="bbox 198 540 1250 631; baseline -0.007 -18"><span class='ocrx_word' id='word_1_7' title='bbox 198 548 323 613; x_wconf 87' lang='lat' dir='ltr'><strong>tiorem</strong></span> <span class='ocrx_word' id='word_1_8' title='bbox 350 544 404 610; x_wconf 87' lang='lat' dir='ltr'><strong>H.</strong></span> <span class='ocrx_word' id='word_1_9' title='bbox 432 542 683 625; x_wconf 80' lang='lat' dir='ltr'><strong>Commeh&#39;nuc,</strong></span> <span class='ocrx_word' id='word_1_10' title='bbox 715 540 1134 631; x_wconf 78' lang='lat' dir='ltr'><strong>Heidelbergee1596.8&#39;.</strong></span> <span class='ocrx_word' id='word_1_11' title='bbox 1164 560 1250 629; x_wconf 86' lang='lat' dir='ltr'><strong>quae</strong></span> 
     </span>
     <span class='ocr_line' id='line_1_3' title="bbox 195 627 1247 715; baseline -0.007 -17"><span class='ocrx_word' id='word_1_12' title='bbox 195 635 321 713; x_wconf 88' lang='lat' dir='ltr'><strong>editio,</strong></span> <span class='ocrx_word' id='word_1_13' title='bbox 360 632 420 695; x_wconf 86' lang='lat' dir='ltr'><strong>sed</strong></span> <span class='ocrx_word' id='word_1_14' title='bbox 450 631 637 697; x_wconf 77' lang='lat' dir='ltr'><strong>admodum</strong></span> <span class='ocrx_word' id='word_1_15' title='bbox 666 631 802 708; x_wconf 84' lang='lat' dir='ltr'><strong>vitiose,</strong></span> <span class='ocrx_word' id='word_1_16' title='bbox 833 632 976 715; x_wconf 88' lang='lat' dir='ltr'><strong>repetita</strong></span> <span class='ocrx_word' id='word_1_17' title='bbox 1006 639 1057 693; x_wconf 90' lang='lat' dir='ltr'><strong>est</strong></span> <span class='ocrx_word' id='word_1_18' title='bbox 1087 627 1247 692; x_wconf 88' lang='lat' dir='ltr'><strong>Genevae</strong></span> 
     </span>
     <span class='ocr_line' id='line_1_4' title="bbox 200 714 1248 806; baseline -0.002 -23"><span class='ocrx_word' id='word_1_19' title='bbox 200 719 293 785; x_wconf 75' lang='lat'><strong>1616.</strong></span> <span class='ocrx_word' id='word_1_20' title='bbox 316 719 348 783; x_wconf 88' lang='grc'><strong>8.</strong></span> <span class='ocrx_word' id='word_1_21' title='bbox 394 717 496 783; x_wconf 81' lang='lat' dir='ltr'><strong>Nova</strong></span> <span class='ocrx_word' id='word_1_22' title='bbox 523 740 541 782; x_wconf 87' lang='lat' dir='ltr'><strong>a</strong></span> <span class='ocrx_word' id='word_1_23' title='bbox 566 717 836 806; x_wconf 83' lang='lat' dir='ltr'><strong>Wyttcnbachio</strong></span> <span class='ocrx_word' id='word_1_24' title='bbox 863 720 931 780; x_wconf 88' lang='lat' dir='ltr'><strong>iam</strong></span> <span class='ocrx_word' id='word_1_25' title='bbox 958 720 1116 781; x_wconf 86' lang='lat' dir='ltr'><strong>nunciata</strong></span> <span class='ocrx_word' id='word_1_26' title='bbox 1141 714 1248 803; x_wconf 72' lang='lat' dir='ltr'><strong>(bibl.</strong></span> 
     </span>
     <span class='ocr_line' id='line_1_5' title="bbox 200 802 1249 891; baseline -0.01 -20"><span class='ocrx_word' id='word_1_27' title='bbox 200 805 285 871; x_wconf 86' lang='lat' dir='ltr'><strong>Crit.</strong></span> <span class='ocrx_word' id='word_1_28' title='bbox 312 805 351 870; x_wconf 90' lang='lat' dir='ltr'><strong>P.</strong></span> <span class='ocrx_word' id='word_1_29' title='bbox 369 802 447 869; x_wconf 85' lang='lat' dir='ltr'><strong>XII.</strong></span> <span class='ocrx_word' id='word_1_30' title='bbox 475 805 567 869; x_wconf 84' lang='lat'><strong>1808.</strong></span> <span class='ocrx_word' id='word_1_31' title='bbox 591 825 625 891; x_wconf 91' lang='lat' dir='ltr'><strong>p.</strong></span> <span class='ocrx_word' id='word_1_32' title='bbox 650 805 711 869; x_wconf 88' lang='lat'><strong>106</strong></span> <span class='ocrx_word' id='word_1_33' title='bbox 731 810 811 891; x_wconf 88' lang='lat' dir='ltr'><strong>sq.),</strong></span> <span class='ocrx_word' id='word_1_34' title='bbox 844 825 883 867; x_wconf 89' lang='lat' dir='ltr'><strong>su</strong></span> <span class='ocrx_word' id='word_1_35' title='bbox 911 804 1021 868; x_wconf 87' lang='lat' dir='ltr'><strong>eriere</strong></span> <span class='ocrx_word' id='word_1_36' title='bbox 1051 823 1142 866; x_wconf 85' lang='lat' dir='ltr'><strong>anno</strong></span> <span class='ocrx_word' id='word_1_37' title='bbox 1165 823 1249 886; x_wconf 69' lang='lat' dir='ltr'><strong>pro·</strong></span> 
     </span>
     <span class='ocr_line' id='line_1_6' title="bbox 200 827 1247 978; baseline -0.003 -23"><span class='ocrx_word' id='word_1_38' title='bbox 200 892 264 957; x_wconf 93' lang='lat' dir='ltr'><strong>diit</strong></span> <span class='ocrx_word' id='word_1_39' title='bbox 281 890 347 956; x_wconf 89' lang='lat' dir='ltr'><strong>boo</strong></span> <span class='ocrx_word' id='word_1_40' title='bbox 372 892 501 958; x_wconf 85' lang='lat' dir='ltr'><strong>indice:</strong></span> <span class='ocrx_word' id='word_1_41' title='bbox 529 891 688 978; x_wconf 89' lang='lat' dir='ltr'><strong>Eunapiii</strong></span> <span class='ocrx_word' id='word_1_42' title='bbox 706 892 864 956; x_wconf 75' lang='lat' dir='ltr'><strong>Sardiani</strong></span> <span class='ocrx_word' id='word_1_43' title='bbox 885 827 987 955; x_wconf 66' lang='lat' dir='ltr'><strong>Titne</strong></span> <span class='ocrx_word' id='word_1_44' title='bbox 1007 886 1247 973; x_wconf 71' lang='lat' dir='ltr'><strong>sophistarum</strong></span> 
     </span>
     <span class='ocr_line' id='line_1_7' title="bbox 198 974 1248 1065; baseline -0.005 -23"><span class='ocrx_word' id='word_1_45' title='bbox 198 988 233 1042; x_wconf 80' lang='lat' dir='ltr'><strong>et</strong></span> <span class='ocrx_word' id='word_1_46' title='bbox 255 976 456 1065; x_wconf 73' lang='lat' dir='ltr'><strong>Fragmenta</strong></span> <span class='ocrx_word' id='word_1_47' title='bbox 477 978 696 1044; x_wconf 76' lang='lat' dir='ltr'><strong>historiarum</strong></span> <span class='ocrx_word' id='word_1_48' title='bbox 718 999 763 1044; x_wconf 85' lang='lat' dir='ltr'><strong>ex</strong></span> <span class='ocrx_word' id='word_1_49' title='bbox 784 978 980 1043; x_wconf 72' lang='lat' dir='ltr'><strong>recensione</strong></span> <span class='ocrx_word' id='word_1_50' title='bbox 1001 976 1031 1039; x_wconf 87' lang='lat'><strong>1.</strong></span> <span class='ocrx_word' id='word_1_51' title='bbox 1053 974 1118 1041; x_wconf 83' lang='lat' dir='ltr'><strong>Fr.</strong></span> <span class='ocrx_word' id='word_1_52' title='bbox 1138 974 1248 1038; x_wconf 83' lang='lat' dir='ltr'><strong>Boia·</strong></span> 
     </span>
     <span class='ocr_line' id='line_1_8' title="bbox 198 1059 1246 1131; baseline -0.007 -3"><span class='ocrx_word' id='word_1_53' title='bbox 198 1065 340 1131; x_wconf 73' lang='lat' dir='ltr'><strong>scande.</strong></span> <span class='ocrx_word' id='word_1_54' title='bbox 367 1062 452 1131; x_wconf 79' lang='lat' dir='ltr'><strong>Ass.</strong></span> <span class='ocrx_word' id='word_1_55' title='bbox 481 1064 670 1129; x_wconf 79' lang='lat' dir='ltr'><strong>Annotatic</strong></span> <span class='ocrx_word' id='word_1_56' title='bbox 699 1063 795 1129; x_wconf 84' lang='lat' dir='ltr'><strong>Dan.</strong></span> <span class='ocrx_word' id='word_1_57' title='bbox 825 1065 876 1129; x_wconf 79' lang='lat' dir='ltr'><em>W</em></span> <span class='ocrx_word' id='word_1_58' title='bbox 898 1062 1104 1128; x_wconf 84' lang='lat' dir='ltr'><strong>ttenbcclrii.</strong></span> <span class='ocrx_word' id='word_1_59' title='bbox 1130 1059 1246 1123; x_wconf 90' lang='lat' dir='ltr'><strong>Editio</strong></span> 
     </span>
     <span class='ocr_line' id='line_1_9' title="bbox 195 1145 1246 1238; baseline -0.006 -24"><span class='ocrx_word' id='word_1_60' title='bbox 195 1171 295 1217; x_wconf 86' lang='lat' dir='ltr'><strong>nora.</strong></span> <span class='ocrx_word' id='word_1_61' title='bbox 318 1150 470 1216; x_wconf 85' lang='lat' dir='ltr'><strong>Berolini</strong></span> <span class='ocrx_word' id='word_1_62' title='bbox 491 1152 581 1218; x_wconf 73' lang='lat'><strong>1822.</strong></span> <span class='ocrx_word' id='word_1_63' title='bbox 602 1154 714 1217; x_wconf 87' lang='lat' dir='ltr'><strong>8mai.</strong></span> <span class='ocrx_word' id='word_1_64' title='bbox 737 1149 782 1218; x_wconf 81' lang='lat' dir='ltr'><strong>ci.</strong></span> <span class='ocrx_word' id='word_1_65' title='bbox 793 1151 837 1215; x_wconf 89' lang='lat' dir='ltr'><strong>D.</strong></span> <span class='ocrx_word' id='word_1_66' title='bbox 910 1145 1123 1238; x_wconf 78' lang='lat' dir='ltr'><strong>yttan&#39;bachii</strong></span> <span class='ocrx_word' id='word_1_67' title='bbox 1135 1146 1246 1235; x_wconf 87' lang='lat' dir='ltr'><strong>Epist.</strong></span> 
     </span>
     <span class='ocr_line' id='line_1_10' title="bbox 195 1231 1248 1319; baseline -0.005 -19"><span class='ocrx_word' id='word_1_68' title='bbox 195 1235 280 1302; x_wconf 82' lang='lat' dir='ltr'><strong>crit.</strong></span> <span class='ocrx_word' id='word_1_69' title='bbox 292 1238 335 1302; x_wconf 88' lang='lat' dir='ltr'><strong>ad</strong></span> <span class='ocrx_word' id='word_1_70' title='bbox 349 1235 599 1302; x_wconf 78' lang='lat' dir='ltr'><strong>Ruhnkeninm</strong></span> <span class='ocrx_word' id='word_1_71' title='bbox 612 1243 649 1301; x_wconf 93' lang='lat' dir='ltr'><strong>in</strong></span> <span class='ocrx_word' id='word_1_72' title='bbox 661 1238 744 1302; x_wconf 86' lang='lat' dir='ltr'><strong>Eius</strong></span> <span class='ocrx_word' id='word_1_73' title='bbox 756 1236 789 1301; x_wconf 93' lang='grc' dir='ltr'>Ο</span> <span class='ocrx_word' id='word_1_74' title='bbox 817 1237 941 1300; x_wconf 87' lang='lat' dir='ltr'><strong>usculis</strong></span> <span class='ocrx_word' id='word_1_75' title='bbox 956 1234 1001 1299; x_wconf 88' lang='grc' dir='ltr'><strong>Τ.</strong></span> <span class='ocrx_word' id='word_1_76' title='bbox 1013 1231 1038 1296; x_wconf 88' lang='grc' dir='ltr'><strong>Ι.</strong></span> <span class='ocrx_word' id='word_1_77' title='bbox 1063 1254 1095 1319; x_wconf 90' lang='lat' dir='ltr'><strong>p.</strong></span> <span class='ocrx_word' id='word_1_78' title='bbox 1106 1235 1248 1302; x_wconf 68' lang='lat'><strong>42-52.</strong></span> 
     </span>
    </p>

    <p class='ocr_par' dir='ltr' id='par_1_3' title="bbox 110 1318 1248 1930">
     <span class='ocr_line' id='line_1_11' title="bbox 261 1318 1243 1424; baseline -0.006 -36"><span class='ocrx_word' id='word_1_79' title='bbox 261 1324 401 1389; x_wconf 86' lang='lat' dir='ltr'><strong>Tertius</strong></span> <span class='ocrx_word' id='word_1_80' title='bbox 424 1334 476 1388; x_wconf 91' lang='lat' dir='ltr'><strong>est</strong></span> <span class='ocrx_word' id='word_1_81' title='bbox 498 1324 768 1424; x_wconf 69' lang='lat' dir='ltr'><strong>Olympiadem</strong></span> <span class='ocrx_word' id='word_1_82' title='bbox 798 1323 995 1400; x_wconf 75' lang='lat' dir='ltr'><strong>Phanaeus,</strong></span> <span class='ocrx_word' id='word_1_83' title='bbox 1018 1320 1109 1384; x_wconf 85' lang='lat' dir='ltr'><strong>eirca</strong></span> <span class='ocrx_word' id='word_1_84' title='bbox 1127 1341 1156 1383; x_wconf 84' lang='lat' dir='ltr'><strong>a.</strong></span> <span class='ocrx_word' id='word_1_85' title='bbox 1179 1318 1243 1386; x_wconf 83' lang='lat' dir='ltr'><strong>Ch.</strong></span> 
     </span>
     <span class='ocr_line' id='line_1_12' title="bbox 110 1405 1246 1491; baseline -0.007 -18"><span class='ocrx_word' id='word_1_86' title='bbox 110 1466 111 1473; x_wconf 72' lang='grc'>,</span> <span class='ocrx_word' id='word_1_87' title='bbox 194 1411 271 1477; x_wconf 66' lang='lat'><strong>425.</strong></span> <span class='ocrx_word' id='word_1_88' title='bbox 294 1410 405 1491; x_wconf 76' lang='grc' dir='ltr'><strong>Ἥης</strong></span> <span class='ocrx_word' id='word_1_89' title='bbox 427 1410 606 1475; x_wconf 78' lang='lat' dir='ltr'><strong>historicae</strong></span> <span class='ocrx_word' id='word_1_90' title='bbox 628 1410 685 1474; x_wconf 90' lang='lat' dir='ltr'><strong>lih.</strong></span> <span class='ocrx_word' id='word_1_91' title='bbox 706 1407 825 1473; x_wconf 86' lang='lat' dir='ltr'><strong>XXll.</strong></span> <span class='ocrx_word' id='word_1_92' title='bbox 848 1410 890 1472; x_wconf 90' lang='lat' dir='ltr'><strong>ab</strong></span> <span class='ocrx_word' id='word_1_93' title='bbox 904 1405 1052 1472; x_wconf 88' lang='lat' dir='ltr'><strong>Honorii</strong></span> <span class='ocrx_word' id='word_1_94' title='bbox 1074 1417 1108 1470; x_wconf 88' lang='lat' dir='ltr'><strong>et</strong></span> <span class='ocrx_word' id='word_1_95' title='bbox 1123 1406 1246 1468; x_wconf 79' lang='lat' dir='ltr'><strong>Theo.</strong></span> 
     </span>
     <span class='ocr_line' id='line_1_13' title="bbox 195 1492 1245 1587; baseline -0.005 -26"><span class='ocrx_word' id='word_1_96' title='bbox 195 1498 283 1561; x_wconf 87' lang='lat' dir='ltr'><strong>dosii</strong></span> <span class='ocrx_word' id='word_1_97' title='bbox 294 1494 337 1560; x_wconf 87' lang='grc' dir='ltr'><strong>ΙΙ.</strong></span> <span class='ocrx_word' id='word_1_98' title='bbox 350 1518 458 1581; x_wconf 90' lang='lat' dir='ltr'><strong>regno</strong></span> <span class='ocrx_word' id='word_1_99' title='bbox 477 1501 564 1587; x_wconf 75' lang='lat'><strong>(407.</strong></span> <span class='ocrx_word' id='word_1_100' title='bbox 576 1521 610 1584; x_wconf 84' lang='lat' dir='ltr'><strong>p.</strong></span> <span class='ocrx_word' id='word_1_101' title='bbox 625 1494 704 1580; x_wconf 86' lang='lat' dir='ltr'><strong>Ch.)</strong></span> <span class='ocrx_word' id='word_1_102' title='bbox 716 1516 824 1581; x_wconf 86' lang='lat' dir='ltr'><strong>usque</strong></span> <span class='ocrx_word' id='word_1_103' title='bbox 836 1494 876 1558; x_wconf 91' lang='lat' dir='ltr'><strong>ad</strong></span> <span class='ocrx_word' id='word_1_104' title='bbox 895 1492 1173 1558; x_wconf 84' lang='lat' dir='ltr'><strong>Valentinisnum</strong></span> <span class='ocrx_word' id='word_1_105' title='bbox 1186 1493 1245 1556; x_wconf 85' lang='lat' dir='ltr'><strong>lli.</strong></span> 
     </span>
     <span class='ocr_line' id='line_1_14' title="bbox 194 1574 1246 1670; baseline -0.007 -24"><span class='ocrx_word' id='word_1_106' title='bbox 194 1583 314 1668; x_wconf 59' lang='lat' dir='ltr'><strong>(tuh),</strong></span> <span class='ocrx_word' id='word_1_107' title='bbox 333 1593 527 1666; x_wconf 83' lang='lat' dir='ltr'><strong>auctorem,</strong></span> <span class='ocrx_word' id='word_1_108' title='bbox 551 1585 646 1648; x_wconf 88' lang='lat' dir='ltr'><strong>ouius</strong></span> <span class='ocrx_word' id='word_1_109' title='bbox 662 1592 820 1670; x_wconf 85' lang='lat' dir='ltr'><strong>excerpta</strong></span> <span class='ocrx_word' id='word_1_110' title='bbox 833 1603 851 1644; x_wconf 90' lang='lat' dir='ltr'><strong>a</strong></span> <span class='ocrx_word' id='word_1_111' title='bbox 865 1580 991 1647; x_wconf 83' lang='lat' dir='ltr'><strong>Plrotio</strong></span> <span class='ocrx_word' id='word_1_112' title='bbox 1004 1574 1246 1644; x_wconf 73' lang='lat' dir='ltr'><strong>sothxxx.</strong></span> 
     </span>
     <span class='ocr_line' id='line_1_15' title="bbox 198 1664 1247 1752; baseline -0.006 -20"><span class='ocrx_word' id='word_1_113' title='bbox 198 1678 349 1745; x_wconf 75' lang='lat' dir='ltr'><strong>servata,</strong></span> <span class='ocrx_word' id='word_1_114' title='bbox 379 1669 509 1735; x_wconf 87' lang='lat' dir='ltr'><strong>Graece</strong></span> <span class='ocrx_word' id='word_1_115' title='bbox 530 1692 608 1735; x_wconf 88' lang='lat' dir='ltr'><strong>cnm</strong></span> <span class='ocrx_word' id='word_1_116' title='bbox 633 1672 808 1751; x_wconf 82' lang='lat' dir='ltr'><strong>interpret.</strong></span> <span class='ocrx_word' id='word_1_117' title='bbox 830 1667 904 1731; x_wconf 82' lang='lat' dir='ltr'><strong>Lat.</strong></span> <span class='ocrx_word' id='word_1_118' title='bbox 928 1678 960 1730; x_wconf 90' lang='lat' dir='ltr'><strong>et</strong></span> <span class='ocrx_word' id='word_1_119' title='bbox 976 1667 1066 1728; x_wconf 83' lang='lat' dir='ltr'><strong>notis</strong></span> <span class='ocrx_word' id='word_1_120' title='bbox 1095 1664 1247 1752; x_wconf 85' lang='lat' dir='ltr'><strong>primum</strong></span> 
     </span>
     <span class='ocr_line' id='line_1_16' title="bbox 196 1750 1248 1845; baseline -0.001 -27"><span class='ocrx_word' id='word_1_121' title='bbox 196 1755 303 1820; x_wconf 85' lang='lat' dir='ltr'><strong>edidit</strong></span> <span class='ocrx_word' id='word_1_122' title='bbox 315 1752 417 1821; x_wconf 72' lang='lat' dir='ltr'><strong>Fris.</strong></span> <span class='ocrx_word' id='word_1_123' title='bbox 432 1756 638 1845; x_wconf 79' lang='lat' dir='ltr'><strong>Sylburgius</strong></span> <span class='ocrx_word' id='word_1_124' title='bbox 661 1757 696 1820; x_wconf 90' lang='lat' dir='ltr'><strong>in</strong></span> <span class='ocrx_word' id='word_1_125' title='bbox 713 1754 951 1844; x_wconf 84' lang='lat' dir='ltr'><strong>Scriptoribus</strong></span> <span class='ocrx_word' id='word_1_126' title='bbox 964 1751 1131 1818; x_wconf 79' lang='lat' dir='ltr'><strong>historiae</strong></span> <span class='ocrx_word' id='word_1_127' title='bbox 1146 1750 1248 1817; x_wconf 84' lang='lat' dir='ltr'><strong>Rem.</strong></span> 
     </span>
     <span class='ocr_line' id='line_1_17' title="bbox 197 1838 1246 1930; baseline -0.005 -24"><span class='ocrx_word' id='word_1_128' title='bbox 197 1841 392 1911; x_wconf 83' lang='lat' dir='ltr'><strong>minoribus</strong></span> <span class='ocrx_word' id='word_1_129' title='bbox 420 1842 463 1906; x_wconf 93' lang='lat' dir='ltr'><strong>T.</strong></span> <span class='ocrx_word' id='word_1_130' title='bbox 487 1841 543 1908; x_wconf 92' lang='lat' dir='ltr'><strong>lll.</strong></span> <span class='ocrx_word' id='word_1_131' title='bbox 568 1866 600 1930; x_wconf 92' lang='lat' dir='ltr'><strong>p.</strong></span> <span class='ocrx_word' id='word_1_132' title='bbox 621 1842 696 1907; x_wconf 80' lang='lat'><strong>853.</strong></span> <span class='ocrx_word' id='word_1_133' title='bbox 720 1839 801 1909; x_wconf 87' lang='lat' dir='ltr'><strong>dein</strong></span> <span class='ocrx_word' id='word_1_134' title='bbox 820 1838 883 1903; x_wconf 89' lang='lat' dir='ltr'><strong>Gr.</strong></span> <span class='ocrx_word' id='word_1_135' title='bbox 911 1851 945 1904; x_wconf 89' lang='lat' dir='ltr'><strong>et</strong></span> <span class='ocrx_word' id='word_1_136' title='bbox 962 1838 1040 1903; x_wconf 77' lang='lat' dir='ltr'><strong>Lat.</strong></span> <span class='ocrx_word' id='word_1_137' title='bbox 1061 1843 1246 1923; x_wconf 85' lang='lat' dir='ltr'><strong>interprete</strong></span> 
     </span>
    </p>
   </div>
   <div class='ocr_carea' id='block_1_3' title="bbox 92 1922 1248 2009">
    <p class='ocr_par' dir='ltr' id='par_1_4' title="bbox 92 1922 1248 2009">
     <span class='ocr_line' id='line_1_18' title="bbox 92 1922 1248 2009; baseline -0.009 -15"><span class='ocrx_word' id='word_1_138' title='bbox 92 1960 99 1980; x_wconf 90' lang='lat'><strong>.</strong></span> <span class='ocrx_word' id='word_1_139' title='bbox 195 1927 309 1993; x_wconf 82' lang='lat' dir='ltr'><strong>Andr.</strong></span> <span class='ocrx_word' id='word_1_140' title='bbox 325 1927 485 2009; x_wconf 81' lang='lat' dir='ltr'><strong>Schottc,</strong></span> <span class='ocrx_word' id='word_1_141' title='bbox 509 1929 601 1995; x_wconf 79' lang='lat' dir='ltr'><strong>Phil.</strong></span> <span class='ocrx_word' id='word_1_142' title='bbox 615 1929 779 1995; x_wconf 79' lang='lat' dir='ltr'><strong>Labicus</strong></span> <span class='ocrx_word' id='word_1_143' title='bbox 794 1929 829 1992; x_wconf 92' lang='lat' dir='ltr'><strong>in</strong></span> <span class='ocrx_word' id='word_1_144' title='bbox 842 1927 979 2009; x_wconf 77' lang='lat' dir='ltr'><strong>Belegia</strong></span> <span class='ocrx_word' id='word_1_145' title='bbox 1002 1922 1248 1995; x_wconf 80' lang='lat' dir='ltr'><strong>historicorum¹</strong></span> 
     </span>
    </p>
   </div>
   <div class='ocr_carea' id='block_1_4' title="bbox 132 2010 1246 4092">
    <p class='ocr_par' dir='ltr' id='par_1_5' title="bbox 132 2010 1246 4092">
     <span class='ocr_line' id='line_1_19' title="bbox 198 2010 1246 2098; baseline -0.005 -21"><span class='ocrx_word' id='word_1_146' title='bbox 198 2014 241 2077; x_wconf 88' lang='lat' dir='ltr'><strong>de</strong></span> <span class='ocrx_word' id='word_1_147' title='bbox 262 2013 364 2076; x_wconf 88' lang='lat' dir='ltr'><strong>rebus</strong></span> <span class='ocrx_word' id='word_1_148' title='bbox 386 2013 648 2098; x_wconf 72' lang='lat' dir='ltr'><strong>Byzantinis-</strong></span> <span class='ocrx_word' id='word_1_149' title='bbox 670 2015 801 2080; x_wconf 85' lang='lat' dir='ltr'><strong>Eodem</strong></span> <span class='ocrx_word' id='word_1_150' title='bbox 825 2014 961 2078; x_wconf 83' lang='lat' dir='ltr'><strong>saeculo</strong></span> <span class='ocrx_word' id='word_1_151' title='bbox 979 2010 1139 2075; x_wconf 82' lang='lat' dir='ltr'><strong>historias</strong></span> <span class='ocrx_word' id='word_1_152' title='bbox 1159 2012 1246 2073; x_wconf 90' lang='lat' dir='ltr'><strong>scri-</strong></span> 
     </span>
     <span class='ocr_line' id='line_1_20' title="bbox 167 2098 1244 2189; baseline -0.005 -26"><span class='ocrx_word' id='word_1_153' title='bbox 167 2132 174 2181; x_wconf 51' lang='grc'>(</span> <span class='ocrx_word' id='word_1_154' title='bbox 195 2116 298 2186; x_wconf 89' lang='lat' dir='ltr'><strong>psere</strong></span> <span class='ocrx_word' id='word_1_155' title='bbox 309 2099 467 2182; x_wconf 86' lang='lat' dir='ltr'><strong>Priscus,</strong></span> <span class='ocrx_word' id='word_1_156' title='bbox 490 2103 641 2187; x_wconf 83' lang='lat' dir='ltr'><strong>sophista</strong></span> <span class='ocrx_word' id='word_1_157' title='bbox 662 2113 696 2166; x_wconf 89' lang='lat' dir='ltr'><strong>et</strong></span> <span class='ocrx_word' id='word_1_158' title='bbox 707 2099 842 2175; x_wconf 84' lang='lat' dir='ltr'><strong>rhetor,</strong></span> <span class='ocrx_word' id='word_1_159' title='bbox 865 2100 1005 2189; x_wconf 89' lang='lat' dir='ltr'><strong>eiusque</strong></span> <span class='ocrx_word' id='word_1_160' title='bbox 1026 2098 1244 2161; x_wconf 82' lang='lat' dir='ltr'><strong>continuator</strong></span> 
     </span>
     <span class='ocr_line' id='line_1_21' title="bbox 196 2183 1243 2270; baseline -0.008 -17"><span class='ocrx_word' id='word_1_161' title='bbox 196 2186 382 2265; x_wconf 77' lang='lat' dir='ltr'><strong>Melobus3</strong></span> <span class='ocrx_word' id='word_1_162' title='bbox 402 2190 554 2259; x_wconf 75' lang='lat' dir='ltr'><strong>,saeculo</strong></span> <span class='ocrx_word' id='word_1_163' title='bbox 575 2202 671 2253; x_wconf 78' lang='lat' dir='ltr'><strong>sexto</strong></span> <span class='ocrx_word' id='word_1_164' title='bbox 695 2199 807 2252; x_wconf 89' lang='lat' dir='ltr'><strong>autem</strong></span> <span class='ocrx_word' id='word_1_165' title='bbox 832 2188 956 2251; x_wconf 77' lang='lat' dir='ltr'><strong>Petrus</strong></span> <span class='ocrx_word' id='word_1_166' title='bbox 973 2194 1072 2270; x_wconf 87' lang='lat' dir='ltr'><strong>geute</strong></span> <span class='ocrx_word' id='word_1_167' title='bbox 1093 2183 1243 2270; x_wconf 84' lang='lat' dir='ltr'><strong>Illyrius,</strong></span> 
     </span>
     <span class='ocr_line' id='line_1_22' title="bbox 197 2270 1243 2361; baseline -0.004 -25"><span class='ocrx_word' id='word_1_168' title='bbox 197 2272 412 2349; x_wconf 81' lang='lat' dir='ltr'><strong>Menander,</strong></span> <span class='ocrx_word' id='word_1_169' title='bbox 439 2273 665 2361; x_wconf 78' lang='lat' dir='ltr'><strong>Theophanes</strong></span> <span class='ocrx_word' id='word_1_170' title='bbox 677 2274 888 2357; x_wconf 79' lang='lat' dir='ltr'><strong>Byzantius,</strong></span> <span class='ocrx_word' id='word_1_171' title='bbox 912 2270 1031 2357; x_wconf 89' lang='lat' dir='ltr'><strong>hisque</strong></span> <span class='ocrx_word' id='word_1_172' title='bbox 1050 2271 1164 2355; x_wconf 80' lang='lat' dir='ltr'><strong>paullo</strong></span> <span class='ocrx_word' id='word_1_173' title='bbox 1183 2291 1243 2332; x_wconf 81' lang='lat' dir='ltr'><strong>sn-</strong></span> 
     </span>
     <span class='ocr_line' id='line_1_23' title="bbox 193 2354 1243 2509; baseline -0.004 -88"><span class='ocrx_word' id='word_1_174' title='bbox 193 2358 314 2509; x_wconf 86' lang='lat' dir='ltr'><strong>perior</strong></span> <span class='ocrx_word' id='word_1_175' title='bbox 345 2368 451 2423; x_wconf 87' lang='lat' dir='ltr'><strong>aetate</strong></span> <span class='ocrx_word' id='word_1_176' title='bbox 479 2361 675 2448; x_wconf 77' lang='lat' dir='ltr'><strong>Hesychius</strong></span> <span class='ocrx_word' id='word_1_177' title='bbox 697 2359 862 2425; x_wconf 83' lang='lat' dir='ltr'><strong>Milesius</strong></span> <span class='ocrx_word' id='word_1_178' title='bbox 883 2358 952 2422; x_wconf 79' lang='lat' dir='ltr'><strong>sive</strong></span> <span class='ocrx_word' id='word_1_179' title='bbox 973 2357 1142 2434; x_wconf 80' lang='lat' dir='ltr'><strong>illustris,</strong></span> <span class='ocrx_word' id='word_1_180' title='bbox 1180 2354 1243 2418; x_wconf 89' lang='lat' dir='ltr'><strong>sub</strong></span> 
     </span>
     <span class='ocr_line' id='line_1_24' title="bbox 216 2443 1243 2534; baseline 0 -26"><span class='ocrx_word' id='word_1_181' title='bbox 216 2444 321 2508; x_wconf 85' lang='lat' dir='ltr'><strong>ustini</strong></span> <span class='ocrx_word' id='word_1_182' title='bbox 342 2457 376 2508; x_wconf 88' lang='lat' dir='ltr'><strong>et</strong></span> <span class='ocrx_word' id='word_1_183' title='bbox 387 2446 566 2511; x_wconf 81' lang='lat' dir='ltr'><strong>Iustiniani</strong></span> <span class='ocrx_word' id='word_1_184' title='bbox 584 2448 794 2534; x_wconf 85' lang='lat' dir='ltr'><strong>principatu,</strong></span> <span class='ocrx_word' id='word_1_185' title='bbox 824 2447 971 2529; x_wconf 82' lang='lat' dir='ltr'><strong>scriptor</strong></span> <span class='ocrx_word' id='word_1_186' title='bbox 992 2443 1243 2508; x_wconf 75' lang='lat' dir='ltr'><strong>Chronicerune</strong></span> 
     </span>
     <span class='ocr_line' id='line_1_25' title="bbox 197 2527 1242 2620; baseline -0.003 -24"><span class='ocrx_word' id='word_1_187' title='bbox 197 2530 312 2596; x_wconf 90' lang='lat' dir='ltr'><strong>aBeli</strong></span> <span class='ocrx_word' id='word_1_188' title='bbox 342 2533 478 2620; x_wconf 85' lang='lat' dir='ltr'><strong>Assyrii</strong></span> <span class='ocrx_word' id='word_1_189' title='bbox 510 2533 721 2620; x_wconf 87' lang='lat' dir='ltr'><strong>temporibus</strong></span> <span class='ocrx_word' id='word_1_190' title='bbox 754 2554 860 2620; x_wconf 88' lang='lat' dir='ltr'><strong>usque</strong></span> <span class='ocrx_word' id='word_1_191' title='bbox 891 2532 932 2596; x_wconf 93' lang='lat' dir='ltr'><strong>ad</strong></span> <span class='ocrx_word' id='word_1_192' title='bbox 958 2527 1130 2595; x_wconf 85' lang='lat' dir='ltr'><strong>Anastasii</strong></span> <span class='ocrx_word' id='word_1_193' title='bbox 1160 2531 1242 2612; x_wconf 89' lang='lat' dir='ltr'><strong>imp.</strong></span> 
     </span>
     <span class='ocr_line' id='line_1_26' title="bbox 195 2615 1243 2707; baseline -0.003 -26"><span class='ocrx_word' id='word_1_194' title='bbox 195 2627 343 2681; x_wconf 87' lang='lat' dir='ltr'><strong>mortem</strong></span> <span class='ocrx_word' id='word_1_195' title='bbox 365 2621 440 2705; x_wconf 77' lang='lat'>(518</span> <span class='ocrx_word' id='word_1_196' title='bbox 462 2644 496 2707; x_wconf 89' lang='lat' dir='ltr'><strong>p.</strong></span> <span class='ocrx_word' id='word_1_197' title='bbox 518 2621 617 2706; x_wconf 79' lang='lat' dir='ltr'><strong>Cb),</strong></span> <span class='ocrx_word' id='word_1_198' title='bbox 646 2621 828 2707; x_wconf 84' lang='lat' dir='ltr'><strong>exquibus</strong></span> <span class='ocrx_word' id='word_1_199' title='bbox 852 2619 1082 2705; x_wconf 83' lang='lat' dir='ltr'><strong>fragmentum</strong></span> <span class='ocrx_word' id='word_1_200' title='bbox 1108 2615 1151 2680; x_wconf 88' lang='lat' dir='ltr'><strong>n¹e</strong></span> <span class='ocrx_word' id='word_1_201' title='bbox 1169 2615 1243 2679; x_wconf 86' lang='lat' dir='ltr'><strong>ari-</strong></span> 
     </span>
     <span class='ocr_line' id='line_1_27' title="bbox 190 2702 1244 2797; baseline -0.005 -28"><span class='ocrx_word' id='word_1_202' title='bbox 190 2705 337 2792; x_wconf 75' lang='lat' dir='ltr'><strong>ginilrus</strong></span> <span class='ocrx_word' id='word_1_203' title='bbox 367 2717 402 2770; x_wconf 87' lang='lat' dir='ltr'><strong>et</strong></span> <span class='ocrx_word' id='word_1_204' title='bbox 432 2708 532 2772; x_wconf 77' lang='lat' dir='ltr'><strong>rehtu</strong></span> <span class='ocrx_word' id='word_1_205' title='bbox 556 2709 687 2797; x_wconf 84' lang='lat' dir='ltr'><strong>patriis</strong></span> <span class='ocrx_word' id='word_1_206' title='bbox 722 2705 1073 2795; x_wconf 83' lang='lat' dir='ltr'><strong>Constantinopolaos</strong></span> <span class='ocrx_word' id='word_1_207' title='bbox 1099 2702 1244 2766; x_wconf 79' lang='lat' dir='ltr'><strong>servavit</strong></span> 
     </span>
     <span class='ocr_line' id='line_1_28' title="bbox 199 2789 1242 2879; baseline -0.006 -23"><span class='ocrx_word' id='word_1_208' title='bbox 199 2792 376 2879; x_wconf 83' lang='lat' dir='ltr'><strong>Georgius</strong></span> <span class='ocrx_word' id='word_1_209' title='bbox 395 2791 564 2873; x_wconf 79' lang='lat' dir='ltr'><strong>Coclinus,</strong></span> <span class='ocrx_word' id='word_1_210' title='bbox 587 2790 724 2859; x_wconf 87' lang='lat' dir='ltr'><strong>infimae</strong></span> <span class='ocrx_word' id='word_1_211' title='bbox 736 2796 852 2857; x_wconf 89' lang='lat' dir='ltr'><strong>aetatis</strong></span> <span class='ocrx_word' id='word_1_212' title='bbox 865 2799 1012 2879; x_wconf 89' lang='lat' dir='ltr'><strong>scriptor</strong></span> <span class='ocrx_word' id='word_1_213' title='bbox 1023 2789 1242 2878; x_wconf 78' lang='lat' dir='ltr'><strong>Byzantinus.</strong></span> 
     </span>
     <span class='ocr_line' id='line_1_29' title="bbox 193 2876 1243 2963; baseline -0.004 -21"><span class='ocrx_word' id='word_1_214' title='bbox 193 2878 315 2944; x_wconf 84' lang='lat' dir='ltr'><strong>Eidem</strong></span> <span class='ocrx_word' id='word_1_215' title='bbox 327 2877 503 2963; x_wconf 86' lang='lat' dir='ltr'><strong>Hesychio</strong></span> <span class='ocrx_word' id='word_1_216' title='bbox 519 2878 681 2944; x_wconf 87' lang='lat' dir='ltr'><strong>debemus</strong></span> <span class='ocrx_word' id='word_1_217' title='bbox 698 2880 852 2946; x_wconf 90' lang='lat' dir='ltr'><strong>libellum</strong></span> <span class='ocrx_word' id='word_1_218' title='bbox 873 2903 923 2945; x_wconf 77' lang='lat' dir='ltr'><strong>nr</strong></span> <span class='ocrx_word' id='word_1_219' title='bbox 955 2882 969 2944; x_wconf 84' lang='lat' dir='ltr'><strong>l</strong></span> <span class='ocrx_word' id='word_1_220' title='bbox 988 2878 1066 2943; x_wconf 78' lang='grc' dir='ltr'><strong>τῶν</strong></span> <span class='ocrx_word' id='word_1_221' title='bbox 1086 2877 1129 2942; x_wconf 75' lang='lat' dir='ltr'><strong>iu</strong></span> <span class='ocrx_word' id='word_1_222' title='bbox 1147 2876 1243 2941; x_wconf 79' lang='grc' dir='ltr'><strong>παί-</strong></span> 
     </span>
     <span class='ocr_line' id='line_1_30' title="bbox 132 2904 1241 3056; baseline -0.005 -27"><span class='ocrx_word' id='word_1_223' title='bbox 132 2999 139 3012; x_wconf 83' lang='grc'><em>·</em></span> <span class='ocrx_word' id='word_1_224' title='bbox 194 2966 289 3053; x_wconf 75' lang='grc' dir='ltr'><strong>δείᾳ</strong></span> <span class='ocrx_word' id='word_1_225' title='bbox 310 2964 647 3054; x_wconf 75' lang='grc' dir='ltr'><strong>διαλαμψάντων</strong></span> <span class='ocrx_word' id='word_1_226' title='bbox 668 2968 808 3056; x_wconf 81' lang='grc' dir='ltr'><em>σοφῶν</em></span> <span class='ocrx_word' id='word_1_227' title='bbox 829 2968 898 3032; x_wconf 83' lang='lat' dir='ltr'><strong>sive</strong></span> <span class='ocrx_word' id='word_1_228' title='bbox 918 2904 1063 3031; x_wconf 67' lang='lat' dir='ltr'><strong>«iscius</strong></span> <span class='ocrx_word' id='word_1_229' title='bbox 1079 2963 1241 3026; x_wconf 81' lang='lat' dir='ltr'><strong>doctrina</strong></span> 
     </span>
     <span class='ocr_line' id='line_1_31' title="bbox 193 3048 1240 3139; baseline -0.007 -23"><span class='ocrx_word' id='word_1_230' title='bbox 193 3052 313 3129; x_wconf 85' lang='lat' dir='ltr'><strong>cleris,</strong></span> <span class='ocrx_word' id='word_1_231' title='bbox 336 3051 529 3139; x_wconf 89' lang='lat' dir='ltr'><strong>eDiogenis</strong></span> <span class='ocrx_word' id='word_1_232' title='bbox 541 3055 667 3119; x_wconf 70' lang='lat' dir='ltr'><strong>brictii</strong></span> <span class='ocrx_word' id='word_1_233' title='bbox 684 3055 763 3122; x_wconf 85' lang='lat' dir='ltr'><strong>vitis</strong></span> <span class='ocrx_word' id='word_1_234' title='bbox 781 3051 1072 3139; x_wconf 89' lang='lat' dir='ltr'><strong>pbilosophorum</strong></span> <span class='ocrx_word' id='word_1_235' title='bbox 1089 3048 1240 3112; x_wconf 81' lang='lat' dir='ltr'><strong>maxime</strong></span> 
     </span>
     <span class='ocr_line' id='line_1_32' title="bbox 191 3135 1241 3316; baseline -0.003 -28"><span class='ocrx_word' id='word_1_236' title='bbox 191 3146 414 3312; x_wconf 66' lang='lat' dir='ltr'><strong>inin</strong></span> <span class='ocrx_word' id='word_1_237' title='bbox 433 3143 513 3316; x_wconf 70' lang='lat' dir='ltr'><strong>‚sl</strong></span> <span class='ocrx_word' id='word_1_238' title='bbox 547 3135 1241 3293; x_wconf 47' lang='lat' dir='ltr'><strong>r¹·³rrr..rreinstrui</strong></span> 
     </span>
     <span class='ocr_line' id='line_1_33' title="bbox 188 3308 1240 3403; baseline -0.004 -28"><span class='ocrx_word' id='word_1_239' title='bbox 188 3310 304 3398; x_wconf 80' lang='lat' dir='ltr'><strong>plicui</strong></span> <span class='ocrx_word' id='word_1_240' title='bbox 331 3311 374 3376; x_wconf 91' lang='lat' dir='ltr'><strong>ad</strong></span> <span class='ocrx_word' id='word_1_241' title='bbox 395 3312 521 3378; x_wconf 82' lang='lat' dir='ltr'><strong>calcem</strong></span> <span class='ocrx_word' id='word_1_242' title='bbox 546 3314 648 3400; x_wconf 89' lang='lat' dir='ltr'><strong>Diog.</strong></span> <span class='ocrx_word' id='word_1_243' title='bbox 670 3315 799 3379; x_wconf 75' lang='lat' dir='ltr'><strong>Lairtii</strong></span> <span class='ocrx_word' id='word_1_244' title='bbox 827 3317 907 3403; x_wconf 69' lang='lat'><strong>1594</strong></span> <span class='ocrx_word' id='word_1_245' title='bbox 928 3308 967 3376; x_wconf 71' lang='lat' dir='ltr'><strong>&#39;et</strong></span> <span class='ocrx_word' id='word_1_246' title='bbox 991 3308 1082 3390; x_wconf 63' lang='lat' dir='ltr'><strong>sese.</strong></span> <span class='ocrx_word' id='word_1_247' title='bbox 1103 3310 1133 3372; x_wconf 89' lang='lat'><strong>8.</strong></span> <span class='ocrx_word' id='word_1_248' title='bbox 1165 3317 1240 3371; x_wconf 87' lang='lat' dir='ltr'><strong>tum</strong></span> 
     </span>
     <span class='ocr_line' id='line_1_34' title="bbox 190 3392 1239 3491; baseline 0.002 -31"><span class='ocrx_word' id='word_1_249' title='bbox 190 3397 391 3463; x_wconf 81' lang='lat' dir='ltr'><strong>aMeursio</strong></span> <span class='ocrx_word' id='word_1_250' title='bbox 412 3399 449 3464; x_wconf 88' lang='lat' dir='ltr'><strong>in</strong></span> <span class='ocrx_word' id='word_1_251' title='bbox 470 3401 642 3490; x_wconf 79' lang='lat' dir='ltr'><strong>Hesychii</strong></span> <span class='ocrx_word' id='word_1_252' title='bbox 667 3401 852 3491; x_wconf 77' lang='lat' dir='ltr'><strong>opusculis</strong></span> <span class='ocrx_word' id='word_1_253' title='bbox 878 3400 940 3464; x_wconf 87' lang='lat' dir='ltr'><strong>Gr.</strong></span> <span class='ocrx_word' id='word_1_254' title='bbox 969 3395 1101 3463; x_wconf 85' lang='lat' dir='ltr'><strong>et&#39;&#39;Lat.</strong></span> <span class='ocrx_word' id='word_1_255' title='bbox 1125 3392 1239 3478; x_wconf 76' lang='lat' dir='ltr'><strong>bugd.</strong></span> 
     </span>
     <span class='ocr_line' id='line_1_35' title="bbox 189 3481 1239 3575; baseline -0.003 -28"><span class='ocrx_word' id='word_1_256' title='bbox 189 3482 264 3548; x_wconf 83' lang='lat' dir='ltr'><strong>Bet.</strong></span> <span class='ocrx_word' id='word_1_257' title='bbox 296 3485 390 3549; x_wconf 69' lang='lat'><strong>1613.</strong></span> <span class='ocrx_word' id='word_1_258' title='bbox 413 3488 444 3552; x_wconf 83' lang='lat'><strong>8.</strong></span> <span class='ocrx_word' id='word_1_259' title='bbox 466 3497 500 3550; x_wconf 89' lang='lat' dir='ltr'><strong>et</strong></span> <span class='ocrx_word' id='word_1_260' title='bbox 523 3487 558 3551; x_wconf 89' lang='lat' dir='ltr'><strong>in</strong></span> <span class='ocrx_word' id='word_1_261' title='bbox 581 3486 607 3552; x_wconf 88' lang='lat'><strong>1.</strong></span> <span class='ocrx_word' id='word_1_262' title='bbox 636 3488 782 3553; x_wconf 85' lang='lat' dir='ltr'><strong>Meursii</strong></span> <span class='ocrx_word' id='word_1_263' title='bbox 805 3486 977 3575; x_wconf 88' lang='lat' dir='ltr'><strong>Operibus</strong></span> <span class='ocrx_word' id='word_1_264' title='bbox 1006 3485 1059 3548; x_wconf 88' lang='lat' dir='ltr'><strong>ed.</strong></span> <span class='ocrx_word' id='word_1_265' title='bbox 1086 3481 1239 3547; x_wconf 84' lang='lat' dir='ltr'><strong>Florent.</strong></span> 
     </span>
     <span class='ocr_line' id='line_1_36' title="bbox 188 3567 1239 3661; baseline -0.004 -28"><span class='ocrx_word' id='word_1_266' title='bbox 188 3568 234 3634; x_wconf 89' lang='grc' dir='ltr'><strong>Τ.</strong></span> <span class='ocrx_word' id='word_1_267' title='bbox 247 3570 322 3635; x_wconf 90' lang='lat' dir='ltr'><strong>Vll.</strong></span> <span class='ocrx_word' id='word_1_268' title='bbox 344 3593 379 3659; x_wconf 90' lang='lat' dir='ltr'><strong>p.</strong></span> <span class='ocrx_word' id='word_1_269' title='bbox 393 3591 467 3639; x_wconf 86' lang='lat' dir='ltr'><strong>aor.</strong></span> <span class='ocrx_word' id='word_1_270' title='bbox 483 3572 677 3661; x_wconf 88' lang='lat' dir='ltr'><strong>Utrumque</strong></span> <span class='ocrx_word' id='word_1_271' title='bbox 698 3574 851 3639; x_wconf 91' lang='lat' dir='ltr'><strong>libellum</strong></span> <span class='ocrx_word' id='word_1_272' title='bbox 864 3574 905 3639; x_wconf 85' lang='lat' dir='ltr'><strong>ab</strong></span> <span class='ocrx_word' id='word_1_273' title='bbox 917 3571 968 3637; x_wconf 89' lang='lat' dir='ltr'><strong>lo.</strong></span> <span class='ocrx_word' id='word_1_274' title='bbox 979 3570 1085 3636; x_wconf 78' lang='lat' dir='ltr'><strong>(leur.</strong></span> <span class='ocrx_word' id='word_1_275' title='bbox 1104 3567 1239 3633; x_wconf 89' lang='lat' dir='ltr'><strong>Orellio</strong></span> 
     </span>
     <span class='ocr_line' id='line_1_37' title="bbox 187 3655 1239 3751; baseline -0.001 -31"><span class='ocrx_word' id='word_1_276' title='bbox 187 3656 302 3721; x_wconf 87' lang='lat' dir='ltr'><strong>denuo</strong></span> <span class='ocrx_word' id='word_1_277' title='bbox 318 3659 535 3744; x_wconf 88' lang='lat' dir='ltr'><strong>recognitum</strong></span> <span class='ocrx_word' id='word_1_278' title='bbox 557 3683 668 3746; x_wconf 89' lang='lat' dir='ltr'><strong>nuper</strong></span> <span class='ocrx_word' id='word_1_279' title='bbox 686 3662 898 3751; x_wconf 88' lang='lat' dir='ltr'><strong>accepimus,</strong></span> <span class='ocrx_word' id='word_1_280' title='bbox 917 3660 985 3725; x_wconf 90' lang='lat' dir='ltr'><strong>hoc</strong></span> <span class='ocrx_word' id='word_1_281' title='bbox 1006 3657 1135 3723; x_wconf 85' lang='lat' dir='ltr'><strong>indice:</strong></span> <span class='ocrx_word' id='word_1_282' title='bbox 1157 3655 1239 3719; x_wconf 83' lang='lat' dir='ltr'><strong>He-</strong></span> 
     </span>
     <span class='ocr_line' id='line_1_38' title="bbox 185 3740 1238 3834; baseline -0.006 -26"><span class='ocrx_word' id='word_1_283' title='bbox 185 3743 297 3831; x_wconf 80' lang='lat' dir='ltr'><strong>eyclsii</strong></span> <span class='ocrx_word' id='word_1_284' title='bbox 321 3743 463 3813; x_wconf 81' lang='lat' dir='ltr'><strong>Milesii</strong></span> <span class='ocrx_word' id='word_1_285' title='bbox 485 3744 661 3834; x_wconf 88' lang='lat' dir='ltr'><strong>Opuscula</strong></span> <span class='ocrx_word' id='word_1_286' title='bbox 686 3746 754 3813; x_wconf 91' lang='lat' dir='ltr'><strong>duc</strong></span> <span class='ocrx_word' id='word_1_287' title='bbox 777 3770 862 3834; x_wconf 91' lang='lat' dir='ltr'><strong>quae</strong></span> <span class='ocrx_word' id='word_1_288' title='bbox 891 3755 1093 3834; x_wconf 85' lang='lat' dir='ltr'><strong>supersunt,</strong></span> <span class='ocrx_word' id='word_1_289' title='bbox 1132 3743 1159 3809; x_wconf 92' lang='lat' dir='ltr'><strong>l.</strong></span> <span class='ocrx_word' id='word_1_290' title='bbox 1183 3740 1238 3804; x_wconf 88' lang='lat' dir='ltr'><strong>De</strong></span> 
     </span>
     <span class='ocr_line' id='line_1_39' title="bbox 185 3829 1237 3915; baseline -0.001 -23"><span class='ocrx_word' id='word_1_291' title='bbox 185 3829 384 3899; x_wconf 92' lang='lat' dir='ltr'><strong>bominibus</strong></span> <span class='ocrx_word' id='word_1_292' title='bbox 408 3832 563 3898; x_wconf 88' lang='lat' dir='ltr'><strong>doctrina</strong></span> <span class='ocrx_word' id='word_1_293' title='bbox 584 3845 618 3900; x_wconf 88' lang='lat' dir='ltr'><strong>et</strong></span> <span class='ocrx_word' id='word_1_294' title='bbox 633 3835 826 3901; x_wconf 88' lang='lat' dir='ltr'><strong>eruditione</strong></span> <span class='ocrx_word' id='word_1_295' title='bbox 849 3835 957 3899; x_wconf 84' lang='lat' dir='ltr'><strong>claris.</strong></span> <span class='ocrx_word' id='word_1_296' title='bbox 989 3831 1031 3897; x_wconf 81' lang='grc' dir='ltr'><strong>ΙΙ.</strong></span> <span class='ocrx_word' id='word_1_297' title='bbox 1053 3830 1106 3895; x_wconf 90' lang='lat' dir='ltr'><strong>De</strong></span> <span class='ocrx_word' id='word_1_298' title='bbox 1128 3829 1237 3915; x_wconf 87' lang='lat' dir='ltr'><strong>origi-</strong></span> 
     </span>
     <span class='ocr_line' id='line_1_40' title="bbox 186 3916 1236 4008; baseline 0.002 -29"><span class='ocrx_word' id='word_1_299' title='bbox 186 3916 287 3980; x_wconf 83' lang='lat' dir='ltr'><strong>nibus</strong></span> <span class='ocrx_word' id='word_1_300' title='bbox 308 3919 403 3984; x_wconf 88' lang='lat' dir='ltr'><strong>urbis</strong></span> <span class='ocrx_word' id='word_1_301' title='bbox 428 3919 791 4008; x_wconf 68' lang='lat' dir='ltr'><strong>constantinopoleosr</strong></span> <span class='ocrx_word' id='word_1_302' title='bbox 822 3922 869 3987; x_wconf 89' lang='lat' dir='ltr'><strong>Et</strong></span> <span class='ocrx_word' id='word_1_303' title='bbox 886 3918 988 3984; x_wconf 81' lang='lat' dir='ltr'><strong>Cerd.</strong></span> <span class='ocrx_word' id='word_1_304' title='bbox 1013 3917 1236 3987; x_wconf 83' lang='lat' dir='ltr'><strong>Bessurionis</strong></span> 
     </span>
     <span class='ocr_line' id='line_1_41' title="bbox 185 4001 1235 4092; baseline 0.005 -29"><span class='ocrx_word' id='word_1_305' title='bbox 185 4001 340 4089; x_wconf 86' lang='lat' dir='ltr'><strong>Epistola</strong></span> <span class='ocrx_word' id='word_1_306' title='bbox 367 4006 410 4070; x_wconf 90' lang='lat' dir='ltr'><strong>de</strong></span> <span class='ocrx_word' id='word_1_307' title='bbox 433 4007 616 4074; x_wconf 85' lang='lat' dir='ltr'><strong>educandis</strong></span> <span class='ocrx_word' id='word_1_308' title='bbox 637 4008 717 4074; x_wconf 86' lang='lat' dir='ltr'><strong>filiis</strong></span> <span class='ocrx_word' id='word_1_309' title='bbox 739 4007 875 4075; x_wconf 84' lang='lat' dir='ltr'><strong>ioannis</strong></span> <span class='ocrx_word' id='word_1_310' title='bbox 899 4005 1097 4092; x_wconf 88' lang='lat' dir='ltr'><strong>Palaeologi</strong></span> <span class='ocrx_word' id='word_1_311' title='bbox 1116 4005 1235 4091; x_wconf 81' lang='lat' dir='ltr'><strong>lingua</strong></span> 
     </span>
    </p>
   </div>
   <div class='ocr_carea' id='block_1_5' title="bbox 185 4088 1349 4186">
    <p class='ocr_par' dir='ltr' id='par_1_6' title="bbox 185 4088 1349 4186">
     <span class='ocr_line' id='line_1_42' title="bbox 185 4088 1349 4186; baseline 0.004 -33"><span class='ocrx_word' id='word_1_312' title='bbox 185 4088 318 4158; x_wconf 82' lang='lat' dir='ltr'><strong>Graece</strong></span> <span class='ocrx_word' id='word_1_313' title='bbox 338 4092 470 4182; x_wconf 83' lang='lat' dir='ltr'><strong>vulgari</strong></span> <span class='ocrx_word' id='word_1_314' title='bbox 489 4101 626 4184; x_wconf 85' lang='lat' dir='ltr'><strong>scripta.</strong></span> <span class='ocrx_word' id='word_1_315' title='bbox 646 4096 780 4164; x_wconf 83' lang='lat' dir='ltr'><strong>Graece</strong></span> <span class='ocrx_word' id='word_1_316' title='bbox 801 4104 836 4162; x_wconf 90' lang='lat' dir='ltr'><strong>et</strong></span> <span class='ocrx_word' id='word_1_317' title='bbox 851 4094 987 4186; x_wconf 76' lang='lat' dir='ltr'><strong>Latine.</strong></span> <span class='ocrx_word' id='word_1_318' title='bbox 1009 4090 1234 4181; x_wconf 80' lang='lat' dir='ltr'><strong>Recogncrit,</strong></span> <span class='ocrx_word' id='word_1_319' title='bbox 1347 4175 1349 4181; x_wconf 16' lang='lat' dir='ltr'><em>A</em></span> 
     </span>
    </p>
   </div>
   <div class='ocr_carea' id='block_1_6' title="bbox 0 0 1476 4875">
    <p class='ocr_par' dir='ltr' id='par_1_7' title="bbox 0 0 1476 4875">
     <span class='ocr_line' id='line_1_43' title="bbox 0 0 1476 4875; baseline 0 5"><span class='ocrx_word' id='word_1_320' title='bbox 0 0 1476 4875; x_wconf 95' lang='lat' dir='ltr'><strong> </strong></span> 
     </span>
    </p>
   </div>
  </div>
 </body>
</html>
