2942 4875
125 477 130 508 ·
209 464 271 527 ste
337 458 513 528 Sossmo.
535 459 656 527 Dono.
678 458 862 526 Pnours.
885 460 1130 528 Errcnsmsns
1231 526 1235 534 .

191 634 357 712 wionem,
380 633 519 719 Megara
542 640 658 697 ortum
683 631 871 697 secundum
892 632 1095 710 nonnullos,
1119 638 1178 720 qui
1208 631 1262 699 0-

208 722 318 807 lymp.
327 721 370 787 L.
388 720 442 784 rel
466 716 562 783 niv.
578 720 715 783 circiter
738 741 818 784 cnm
836 719 975 786 Dolone
999 722 1036 785 in
1059 722 1141 785 vicis
1167 718 1257 784 Atti-

211 809 260 872 cis
278 806 408 871 ludicra
428 805 587 891 plaustris
605 807 738 869 rexisse
755 806 905 872 videtur:
931 807 1039 870 multo
1060 808 1187 871 rectius
1206 817 1256 869 ts-

210 915 293 960 men
319 893 391 956 laus
420 909 457 954 ea
485 891 627 956 debetur
649 891 795 969 Siculis,
829 902 970 979 propter
992 892 1258 981 Epicharmum,

211 981 366 1067 quicum
384 976 590 1054 Phormide,
612 978 731 1042 itidem
751 978 949 1063 Syracusio,
972 980 1083 1044 iustos
1100 979 1262 1064 reperisse

213 1063 357 1148 tirhulos
368 1062 568 1152 perhibetur
585 1063 769 1130 Aristoteli
784 1063 826 1128 V.
838 1067 867 1130 5.
880 1067 941 1131 τοῦ
952 1066 988 1130 δὲ
997 1063 1134 1148 μύθους
1144 1069 1264 1144 ποιεῖν,

205 1138 411 1240 Ἐπίχαρμος
419 1154 477 1215 καὶ
489 1148 622 1238 Φόρμις
631 1141 747 1237 ἦρξαν·
763 1149 803 1215 τὸ
817 1157 880 1234 μὲν
894 1143 956 1218 οὖν
967 1151 1002 1234 ἐξ
1011 1149 1115 1238 ἀρχῆς
1121 1156 1156 1217 ἐκ
1165 1153 1268 1217 >Sexs-

212 1243 288 1317 λὶας
307 1231 406 1318 ἦλθε.
429 1235 530 1302 ldern¹
546 1236 739 1386 sipnificant
752 1236 847 1301 Plato
862 1240 897 1301 in
911 1237 1110 1316 Theaeteto,
1122 1249 1155 1302 et
1165 1236 1266 1302 The·

213 1327 341 1392 ocritus
361 1320 600 1408 EpianVl.
645 1321 712 1386 Sed
730 1323 928 1408 Epicharmi
957 1321 1077 1404 huius,
1113 1325 1263 1388 Pindaro

211 1423 314 1500 etque
342 1410 517 1498 Aeschylo
546 1408 711 1495 aequalis,
741 1422 775 1475 et
803 1412 890 1475 circa
917 1408 1057 1497 Olymp.
1075 1407 1265 1476 LXXVII.

212 1521 233 1564 a
260 1501 306 1563 nd
322 1498 513 1562 Hieronem
533 1516 649 1582 regem
672 1495 849 1580 Syracusis
874 1496 1035 1571 virentis,
1058 1519 1159 1582 quem
1184 1517 1265 1560 osam

243 1587 436 1676 ythsgoreo
461 1583 674 1670 Philosopho
695 1584 898 1668 cognomine
923 1585 979 1646 alii
1001 1583 1177 1658 eumdem,
1206 1581 1266 1647 elii

74 1715 83 1732 ,
217 1675 260 1740 ab
287 1673 354 1741 hoc
378 1671 550 1735 diversum
572 1668 714 1746 habent,
737 1670 936 1754 Epicharmi
959 1670 1081 1748 huius,
1114 1671 1267 1756 inquam,

218 1763 382 1838 dramata,
398 1766 564 1848 quantum
576 1775 619 1819 ex
634 1757 750 1857 paucis
762 1779 883 1823 eorum
902 1757 1096 1843 reliquiis,e
1116 1757 1265 1822 Stohoeo

219 1847 373 1914 maxime
393 1844 548 1920 servetis,
572 1841 792 1929 colligilicet,
816 1843 858 1906 ab
871 1844 1069 1909 Atticorum
1089 1845 1268 1931 poetarum

220 1933 368 2021 antiquis
398 1929 584 1994 comoediis
613 1938 646 1993 et
682 1939 883 2013 argumento
911 1939 947 1991 et
974 1928 1085 1994 forma
1118 1929 1267 1994 multum

222 2016 442 2094 differebant,
464 2015 549 2079 adeo
573 2022 613 2078 ut
631 2016 801 2101 singulare
818 2015 990 2103 quoddam
1007 2038 1130 2102 genus,
1145 2017 1187 2080 ad
1205 2016 1270 2080 Sa·

221 2118 319 2193 tyros
337 2103 536 2169 Atticorum
551 2098 693 2165 fortasse
711 2103 853 2191 propius
871 2105 1048 2183 accedens,
1072 2103 1270 2166 exhibuisse

222 2193 414 2259 rideantur.
430 2186 739 2255 VidMohnikium
757 2188 781 2255 l.
803 2211 831 2251 c.
843 2210 875 2274 p.
887 2193 950 2276 alp
962 2212 1011 2276 sq.
1031 2200 1065 2254 et
1082 2187 1272 2253 Censorem

227 2276 465 2343 doctissimum
481 2279 589 2338 nostri
605 2273 712 2338 lihelli
727 2277 765 2337 in
776 2273 922 2362 Ephem.
939 2276 1059 2339 Litter.
1080 2274 1154 2339 Jen.
1178 2286 1271 2364 ¹⁸¹7·

225 2363 270 2430 cf.
289 2361 480 2432 Fabricium
503 2359 690 2427 Harlesian.
719 2361 799 2426 Vol.
813 2363 852 2429 ll.
877 2364 1120 2450 p.298-303.
1166 2361 1274 2425 Wie-

222 2451 317 2520 lendi
342 2449 433 2541 Mus.
450 2446 592 2515 Attlll.
609 2449 742 2534 r.p.38.
776 2447 820 2516 G.
847 2450 1042 2515 Hermanni
1078 2450 1201 2536 Progr.
1231 2447 1274 2512 de

198 2580 201 2601 .
223 2538 334 2608 Musis
355 2534 547 2601 fluvialibus
567 2534 772 2622 Epicharmi
792 2545 826 2609 et
845 2537 998 2614 Eumeli,
1019 2535 1156 2623 Lipsiae
1182 2536 1273 2622 1819.

224 2622 602 2691 contemneremus
622 2620 664 2685 de
682 2619 779 2709 Orig.
797 2620 895 2689 Com.
906 2623 968 2688 Gr.
990 2644 1022 2709 p.
1035 2639 1140 2686 so..-
1161 2619 1274 2685 Athe·

223 2712 279 2779 nis
299 2719 412 2774 autem
437 2708 467 2772 si
483 2708 675 2795 legitimam
692 2707 899 2773 Comoedias
917 2706 1062 2774 formam
1081 2707 1172 2773 haud
1193 2709 1273 2773 lon·

224 2820 267 2886 ge
279 2808 358 2863 ante
370 2790 539 2865 Herodoti
555 2805 698 2861 aetatem
712 2794 780 2877 (Ol.
792 2793 972 2882 LXXXl.)
994 2797 1170 2860 inventam
1187 2793 1276 2869 fnis-

225 2906 263 2949 se
290 2882 545 2958 contendimus,
578 2901 661 2946 rero
689 2904 753 2971 pro
780 2883 868 2946 iores
900 2904 970 2946 esse
1005 2879 1174 2947 ridemur.
1218 2874 1275 2945 Ex
1301 2882 1305 2885 ’

217 2968 294 3051 ‚hoc
311 2971 403 3040 enim
421 2950 574 3057 timpora
592 2988 720 3031 norum
750 2905 817 3032 hoc
843 2969 1047 3034 dramaticus
1073 2968 1194 3056 po‘e‘sos
1215 2988 1277 3052 ge-
1307 2986 1312 2989 ’

225 3078 292 3124 nus
311 3056 482 3142 imprimis
502 3055 730 3120 Athenienses
741 3055 989 3132 excoluerunt,
1011 3054 1277 3141 fabularumque

227 3140 438 3209 comicas-'um
460 3142 586 3227 pariter
611 3152 712 3229 etque
739 3142 945 3227 tragicorum
965 3143 1221 3207 commissiones
1240 3140 1278 3204 in

225 3228 323 3300 festis
345 3228 521 3297 Bacchicis
549 3226 657 3290 editae
681 3238 772 3296 sunt.
818 3228 928 3293 Chori
950 3238 1063 3293 eutem
1084 3238 1118 3293 et
1136 3226 1278 3292 histrio-

226 3338 313 3385 num
339 3313 502 3383 effrenate
519 3312 654 3381 licentia
668 3314 940 3379 ecdicteriorum
963 3315 1163 3403 petulantis,
1186 3333 1279 3375 aco-

230 3404 384 3472 moediae
396 3402 529 3469 Atticae
540 3400 753 3466 incunabulis
765 3401 979 3487 repetendae,
990 3423 1096 3487 usque
1107 3401 1147 3464 sd
1156 3401 1281 3464 Socra-

229 3493 275 3554 tis
287 3502 439 3555 extrema
450 3499 518 3551 tem
547 3506 607 3552 ora
619 3488 815 3573 riguerunt,-
836 3509 904 3574 quo
921 3490 1027 3574 spatio
1037 3500 1133 3557 vetus
1144 3510 1281 3552 comoe-

230 3580 293 3647 dia
306 3510 616 3662 comprehenditur,
637 3574 748 3650 cuius,
764 3596 806 3638 ex
823 3575 1140 3640 Alexandrinorum
1153 3573 1282 3638 Gram-

230 3671 436 3731 maticorum
453 3661 639 3737 sententia,
660 3660 911 3750 Epicharmus,
929 3660 1112 3735 Cratinus,
1124 3659 1281 3748 Eupolis,

229 3749 505 3839 Aristophanes,
539 3748 763 3816 Pherecrates
788 3760 821 3814 et
853 3747 958 3815 Plato
985 3749 1145 3812 Comicus
1166 3747 1283 3810 maior

230 3839 351 3926 poetae
370 3836 538 3901 habentur
550 3834 734 3922 principes.
757 3835 926 3898 Successit
943 3835 1059 3899 media
1082 3832 1283 3909 Comoedia,

233 3944 352 4011 quarn,
376 3932 508 4008 preater
527 3918 816 4004 Aristophanem,
847 3921 1068 4010 Antiphanes
1103 3918 1154 3985 Ga
1194 3917 1283 3983 etius

233 4020 268 4073 et
287 4010 412 4076 Alexis
440 4008 595 4073 Thurina
618 4008 764 4085 mxime
785 4007 1014 4082 illustrarunt,
1038 4006 1144 4070 veteri
1190 4015 1284 4067 ecte-

234 4118 299 4161 nue
319 4096 542 4173 moderatior,
566 4095 656 4180 quod
668 4091 771 4181 fictis
787 4104 919 4157 tantum
947 4092 1147 4158 nominihus
1166 4092 1286 4155 cirita·
1329 4123 1332 4127 <

234 4189 279 4249 tis
296 4184 481 4273 principes,
499 4193 690 4271 praetores,
712 4180 928 4271 philosophi,
949 4182 1070 4268 poetes
1090 4179 1209 4266 tragici
1224 4176 1288 4242 ali·
