2942 4875
198 388 243 454 86
353 405 545 454 marorum
568 404 830 460 varnsrrssnu
854 407 1083 460 caascontns

201 562 354 668 minibnp
374 565 562 654 repetenda
586 590 675 649 esse,
706 571 774 634 iam
795 589 896 657 supra
917 566 1094 652 proditum
1123 577 1173 630 est
1194 567 1209 653 (
1220 567 1246 655 d.
1268 614 1279 646 ,

204 661 244 716 28
268 659 383 735 exto).
428 653 614 740 inquibus
643 678 749 744 quum
773 655 1006 743 antiquissima
1032 654 1248 741 opinionum,

199 741 335 814 rerum,
358 740 585 827 populorum,
607 747 764 820 urbium,
788 744 933 807 heroum
952 741 1131 817 memoria,
1154 739 1249 804 fama

199 825 314 912 prisca
339 837 477 913 accepta
509 840 542 892 et
568 833 708 917 po'e'ticis
737 831 910 895 coloribus
940 840 1123 904 exornata,
1156 840 1250 890 certe

201 923 316 974 sutem
334 918 502 1002 temporis
522 920 716 998 notatione,
739 928 981 1007 praeterquam
1001 915 1092 1001 quod
1110 936 1173 1002 per
1189 935 1251 998 ge·

200 998 376 1084 nealogiss
398 1005 512 1067 omnis
533 1004 704 1093 descripta
727 1015 841 1082 eraut,
866 1004 1024 1066 destituta
1050 1003 1249 1065 continere-

199 1095 274 1147 tur:
302 1087 407 1173 primi
424 1109 525 1175 prosa
550 1095 702 1155 oratione
722 1101 934 1166 narratores,
967 1107 1069 1174 quos,
1101 1088 1250 1172 Thucy·

203 1170 281 1234 dide
302 1184 442 1240 auctore
459 1176 501 1265 (i.
521 1181 607 1265 22),
624 1178 859 1267 λογογράφους
886 1177 1055 1264 appellare
1079 1174 1172 1249 ficet,
1194 1174 1251 1237 ¹¹1·

202 1257 254 1321 hii
276 1259 371 1325 aliud
398 1284 514 1348 egere,
538 1266 605 1329 nisi
627 1277 666 1329 ut
685 1276 757 1329 tum
779 1268 921 1328 deorum
946 1265 1160 1350 heroumque
1188 1282 1251 1346 ge-

202 1345 376 1432 nealogies
396 1372 517 1436 resque
538 1361 665 1437 gestas,
687 1352 899 1441 populorum
929 1363 1028 1437 atque
1050 1347 1187 1411 urbium
1210 1369 1252 1408 o·

203 1433 334 1517 rigines
357 1435 525 1521 mythicas
542 1441 712 1525 (κτίσεις),
735 1440 778 1502 ab
804 1439 908 1526 epicis
928 1449 960 1499 et
972 1443 1121 1499 maxime
1147 1434 1252 1523 cycli-

203 1522 254 1584 cis
282 1522 391 1608 poe'tis
418 1524 617 1604 celebratas,
657 1527 730 1590 sine
758 1527 859 1600 crisi,
883 1525 1036 1587 oratione
1064 1522 1249 1585 redderent

203 1619 316 1672 metro
345 1611 482 1695 quidem
510 1614 644 1689 soluta,
668 1624 820 1687 ceterum
843 1614 997 1700 poeticae
1013 1609 1124 1697 quoad
1143 1617 1252 1671 mate-

203 1693 294 1757 riam
322 1706 355 1759 et
372 1695 522 1763 formam
542 1700 737 1786 siusiliima5
761 1711 835 1762 tum
859 1721 942 1783 quae
966 1720 1011 1761 ex
1032 1698 1105 1758 aliis
1133 1716 1252 1759 rerum

150 1833 154 1838 .
204 1780 458 1872 hominumque
491 1789 743 1861 monumentis,
785 1808 869 1872 quae
906 1786 1032 1870 passim
1061 1783 1250 1859 exstabant,

205 1887 396 1955 eorumque
420 1876 663 1959 interpretibus
690 1874 860 1958 indigenis
892 1872 1102 1944 didicerant,
1135 1867 1250 1931 fideli-

206 1964 260 2018 ter
279 1955 466 2036 referrent,
491 1959 680 2046 litterisque
704 1962 954 2043 consignarent.
980 1957 1060 2020 Vid.
1079 1957 1203 2020 Strabo
1223 1952 1248 2020 I.

204 2064 241 2129 p.
255 2044 308 2109 34.
333 2044 408 2107 coli.
433 2044 535 2109 Thuc
562 2048 593 2111 d.
616 2049 641 2111 Ι.
667 2066 717 2109 21.
749 2048 896 2130 Dionys.
926 2044 1038 2108 Helie.
1066 2044 1110 2106 Τ.
1129 2044 1190 2106 Vl.
1218 2061 1249 2126 p.

208 2138 355 2217 819sqq·
380 2131 431 2194 ed.
451 2071 569 2197 Reisi.
603 2132 675 2197 Iam
698 2139 756 2218 qui
780 2134 883 2220 primi
904 2153 1021 2195 rerum
1040 2130 1252 2194 Graecarum

208 2226 243 2278 et
259 2225 455 2281 exterarum
467 2219 634 2284 eiusmodi
652 2232 874 2294 enarratores,
896 2219 1007 2283 soluta
1023 2218 1074 2281 usi
1086 2218 1252 2291 oratione,

208 2300 403 2382 laudantur,
425 2314 459 2366 et
481 2309 821 2396 mythograplzorum
836 2327 963 2370 nomen
990 2304 1195 2369 aStrabone
1211 2299 1252 2388 (I.

208 2391 322 2542 pp&
344 2391 384 2455 iis
406 2391 554 2458 inditum
582 2404 800 2471 meruerunt,
839 2394 927 2458 intra
950 2389 1092 2479 Olymp.
1121 2388 1187 2454 LX
1222 2396 1256 2451 et

347 2480 449 2567 paulo
471 2492 548 2544 ante
567 2481 704 2545 Persica
724 2482 811 2545 belia
830 2480 1006 2560 floruisse,
1031 2489 1129 2564 atque
1151 2477 1255 2542 huius

212 2565 317 2629 etiem
337 2568 544 2631 inventionis
568 2568 705 2632 laudem
732 2569 858 2633 Ioniae
878 2569 1008 2655 patriae
1031 2586 1111 2629 suae
1140 2563 1257 2627 vindi-

212 2671 304 2716 casse
321 2653 464 2740 putandi
480 2664 570 2718 sunt.
614 2655 884 2742 Antiquissimus
902 2656 992 2718 enim
1015 2663 1048 2715 et
1071 2671 1193 2738 prosae
1215 2671 1256 2712 o-

210 2740 354 2804 rationis
386 2742 565 2804 historicae
583 2743 689 2828 ,quasi
720 2754 840 2805 auctor
870 2740 1067 2826 perhibetur
1102 2737 1256 2801 Cadmus

213 2825 383 2891 Milesius
417 2827 551 2913 (Strabo
583 2829 607 2892 1.
631 2832 715 2916 pta
743 2828 795 2892 ed.
824 2826 981 2893 Siebenk.
1018 2826 1105 2889 Plin.
1140 2824 1187 2887 Η.
1209 2822 1256 2885 Ν.

214 2910 390 2998 Vn.57.):
414 2914 831 3002 cuiaDionysioHalic.,
854 2910 1258 2998 locoinhacrepalma-
1345 2924 1351 2929 ’
1462 2958 1463 2975 .

195 2998 285 3075 -rio,
308 2999 350 3063 de
367 2998 528 3088 Thucyd.
553 3000 658 3066 ludio.
684 2999 775 3090 opp.
800 3000 844 3069 Τ.
863 2999 922 3064 VI.
942 3001 1108 3089 p.818sq.
1132 2996 1256 3060 adiun-

214 3096 347 3176 guntur
369 3090 557 3153 Arcesilaus
584 3086 753 3172 Argivus,
786 3091 846 3175 qui
876 3087 1019 3151 Hesiodi
1033 3085 1184 3148 carmina
1219 3083 1259 3146 in

215 3196 356 3263 prosum
383 3177 573 3239 orationem
601 3177 807 3239 convertisse
828 3176 863 3240 h.
884 3197 912 3237 e.
936 3174 973 3239 in
1003 3175 1174 3259 epitomen
1200 3191 1258 3232 re-

216 3264 349 3348 degisse
364 3262 488 3327 dicitur
501 3261 562 3351 (cf.
586 3261 748 3327 Sturzios
764 3264 800 3326 in
820 3263 953 3347 Fragm.
972 3259 1132 3323 Acusilai.
1157 3258 1259 3343 Hey-

216 3353 298 3418 nius
323 3349 364 3413 ad
394 3348 599 3433 Apollodor.
625 3349 667 3413 T.
678 3347 720 3413 ll.
750 3349 898 3435 p.351‚)‚
929 3349 1078 3447 Eugeon
1105 3345 1259 3418 Samius,

215 3438 395 3505 Deibclzus
417 3436 686 3515 Proconnesius,
710 3436 890 3502 Eudemus
915 3435 1051 3508 Parrus,
1075 3431 1262 3499 Damocles
1289 3464 1295 3489 ι

215 3524 467 3610 Phigaleeusis,
493 3525 694 3587 Hecataeus
706 3524 876 3600 Milesius,
899 3519 1042 3585 Charon
1052 3521 1261 3604 Lampsace-

217 3636 299 3690 nus,
333 3611 605 3698 Amelesagoras
622 3607 883 3675 Chalcedonius.
908 3603 1150 3693 cf.10seph.1.
1173 3625 1261 3667 con·

216 3714 269 3765 tra
289 3701 419 3784 Apion.
444 3697 583 3761 Praeter
599 3718 700 3843 ppos,
721 3697 841 3763 eodem
850 3695 1016 3784 temporis
1030 3692 1180 3775 ambitu,
1195 3709 1260 3753 nec
1305 3766 1314 3779 ·

215 3789 348 3855 ratione
368 3785 511 3859 diversa,
531 3793 607 3871 myt
632 3789 685 3847 ica
698 3781 913 3847 Graecorum
936 3793 968 3845 et
984 3790 1183 3845 exterorum
1196 3797 1262 3863 po-

215 3876 378 3964 pulorum
405 3883 560 3955 tempora
590 3881 796 3934 enarrarunt
809 3868 1018 3941 Pherecydes
1040 3866 1169 3932 Larius
1190 3865 1261 3926 sive

215 3961 448 4037 Atheniensis,
471 3955 892 4042 dictnshiucysurodo'yog,
916 3954 1157 4041 Grammaticis
1172 3951 1261 4013 snti-

220 4042 565 4137 quioribusmaxime
586 4042 842 4131 frequentatum
865 4044 1076 4109 Hellanicus
1102 4038 1261 4113 Lesbius,

219 4132 411 4205 Damastes
425 4133 612 4220 Sigesnsis,
635 4132 871 4216 etDs'ouysius
883 4130 1055 4208 Milesius,
1070 4128 1129 4213 qui
1145 4134 1260 4190 extre-

1094 4289 1120 4339 l
