2942 4875
357 413 956 533 A-'saaxannarur
1196 435 1269 524 ὀμ

197 589 457 660 Alexandrinae
476 596 642 667 maxime,
665 613 736 657 nou
758 591 870 656 solum
889 590 931 654 de
951 608 1108 654 sermone
1130 589 1241 652 ertit.

196 687 279 744 teris
291 676 448 759 Graecis,
475 678 533 743 sed
554 679 695 743 omniuo
720 678 762 743 da
783 679 979 762 linguarum
996 676 1109 740 studio
1130 676 1253 740 subu-¹

196 764 301 844 liora,
324 765 431 852 deque
450 766 547 829 omni
564 765 755 829 litterarum
768 764 930 849 elegantia
948 763 1182 835 meritusnnt,
1204 762 1242 826 in

115 847 119 852 ¹
196 862 372 939 totamque
395 853 625 940 posteritatem
653 850 898 917 redundarunt.
944 850 1002 913 Ab
1022 851 1063 912 iis
1085 848 1241 913 Pbiicia-

194 940 296 1028 giac,
319 937 583 1005 Grammaticos
599 938 873 1025 propriedictas,
897 947 930 999 et
944 935 1114 1012 Criticce,
1134 955 1240 1023 quum

197 1024 399 1104 verborum,
431 1038 505 1089 tum
527 1047 642 1090 rarum
664 1035 764 1110 etque
790 1034 986 1099 auctorum,
1018 1021 1241 1087 fundamenta

156 1099 165 1112 ’
195 1112 282 1176 iacta
304 1120 394 1175 suut.
438 1110 515 1192 Qua
534 1110 734 1198 disciplina,
763 1124 801 1175 nt
818 1110 996 1199 Heynii*)
1020 1105 1132 1180 verbis
1154 1120 1240 1188 utar,

197 1197 294 1262 nulla
315 1197 377 1260 alia
396 1193 465 1261 fuis
480 1209 540 1262 aut
552 1199 694 1263 inventu
713 1195 899 1275 difficilior,
922 1204 979 1257 aut
992 1195 1158 1260 nascendo
1171 1205 1241 1258 tar·

196 1279 291 1367 dior,
313 1292 369 1348 eut
388 1283 592 1369 expoliendo
612 1299 673 1371 per
730 1305 789 1348 ura
810 1284 939 1346 saecula
957 1288 1146 1368 operosior.
1169 1280 1241 1345 De'·

159 1409 161 1416 ·
196 1370 298 1434 betur
327 1370 375 1433 cis
401 1372 514 1450 omnis
537 1368 610 1433 sere
637 1390 680 1435 vu
720 1379 771 1432 ata
804 1367 1060 1454 Chronologia3
1100 1366 1242 1433 debetur

197 1455 423 1522 classicorum
449 1459 662 1543 scriptorum
676 1465 729 1518 ’τί
750 1456 786 1518 iu
808 1476 943 1540 quoque
964 1474 1088 1538 genere
1110 1456 1242 1542 priuci-

197 1564 281 1630 pum
303 1543 361 1605 itta
379 1541 545 1624 deiectas,
568 1563 634 1625 quo
656 1538 816 1604 effectum
837 1550 900 1619 est,
925 1549 960 1604 ut
980 1539 1103 1603 horum
1122 1540 1242 1605 saltem

197 1649 321 1712 magna
344 1648 420 1709 pars
450 1627 492 1690 ab
519 1627 657 1690 interitu
679 1639 886 1692 servaretur:
923 1627 1089 1689 debentur
1110 1626 1241 1718 iisdem,

197 1723 232 1777 et
261 1714 361 1778 tectio
393 1713 609 1778 emendatior
640 1725 716 1778 tum
747 1715 941 1780 carminum
961 1713 1244 1791 Homericoium,

125 1877 127 1885 γ
198 1820 345 1885 quorum
367 1809 419 1862 tot
438 1802 651 1862 recensiones
673 1802 829 1876 certatim
849 1799 1046 1874 ediderunt,
1070 1808 1142 1862 tum
1155 1800 1243 1862 aiio-

115 1949 119 1954 ,
196 1907 275 1949 rum
299 1885 409 1951 omnis
430 1887 564 1970 generis
590 1891 819 1970 scriptorum,
845 1896 879 1948 et
899 1886 1134 1948 commentarii
1161 1906 1243 1950 eru-

196 1971 353 2036 ditissimi
366 1972 402 2034 in
420 1972 726 2057 praestantissimos
743 1973 949 2060 antiquitatis
965 1981 1134 2048 auctores,
1152 1993 1243 2058 quu-

194 2078 273 2125 rum
295 2056 456 2141 reliquiae
476 2058 593 2121 saltem
615 2058 705 2123 haud
734 2057 1001 2124 contemnendae
1030 2058 1067 2121 in
1091 2057 1242 2123 Scholiis

185 2154 228 2211 et
240 2143 384 2209 Lexicis
400 2143 561 2216 Graecis,
584 2144 748 2209 inferiora
769 2146 879 2209 multo
898 2153 1003 2209 aetate
1021 2145 1242 2224 concinnatis,

195 2238 389 2317 supersunt.
435 2230 524 2293 Nam
546 2231 683 2296 Scholia
703 2233 790 2295 baec
810 2242 844 2294 et
860 2231 1105 2295 commentarii
1127 2230 1163 2294 in
1179 2253 1241 2296 va·

197 2328 286 2380 teres
317 2325 489 2391 auctores,
523 2316 606 2380 haec
628 2316 801 2382 Glossaria
827 2326 861 2380 et
886 2318 1032 2393 Lexica,
1070 2316 1175 2381 libelli
1205 2315 1242 2381 bi

195 2400 428 2494 grammatici,
453 2400 1152 2489 matrici‚.dedisiectisGrseceeliuguae,
1176 2403 1243 2468 hu·
1356 2443 1361 2465 t

195 2510 342 2573 rumque
352 2488 477 2552 similia
494 2493 635 2579 scripta,
658 2512 675 2554 s
689 2491 934 2578 posterioribus
946 2489 1186 2555 Grammaticis·
1198 2487 1239 2554 ab

196 2574 347 2660 Augusti
367 2573 446 2639 iude
472 2577 684 2664 temporibus
704 2577 872 2655 confecta,
903 2598 988 2666 quaa
1010 2575 1158 2661 plurima
1178 2599 1242 2640 ex*

196 2671 287 2726 stant
307 2661 433 2745 partim
450 2661 555 2742 edita,
588 2663 712 2747 partim
736 2669 774 2728 in
795 2663 894 2727 codd.
916 2664 1157 2749 manuscriptis
1179 2662 1241 2728 ad-

195 2746 266 2812 bno
288 2746 443 2826 latentia,
471 2747 543 2831 ,boo
570 2749 786 2835 potissimum
814 2752 930 2833 magni
951 2751 1159 2815 aestimanda
1189 2750 1242 2814 vi·

196 2834 338 2913 dentur,
361 2833 453 2921 quod
475 2834 593 2914 multa,
614 2836 865 2923 antiquioribus
874 2834 1128 2916 Grammaticis,
1153 2859 1242 2924 quo-

195 2941 276 2985 rum
295 2941 398 3007 opera
413 2921 678 3001 interciderunt,
707 2933 804 2988 acuta
820 2934 855 2986 et
876 2924 1044 2986 subtiliter
1065 2923 1242 2987 observata

195 3018 231 3071 et
248 3007 480 3071 animadversa
497 3020 598 3096 atque
618 3008 766 3075 scienter
783 3010 920 3088 tradita,
943 3019 1137 3090 servarunt,
1150 3033 1242 3075 ’cusu

196 3095 319 3182 bisque
339 3094 420 3183 ipsis
448 3094 705 3180 deperditorum
733 3103 942 3183 scripturum
973 3094 1163 3180 fragmenta
1185 3099 1242 3160 in-
1319 3168 1320 3173 η

196 3200 342 3245 numera
370 3200 409 3244 ae
435 3182 634 3247 notitiarum
666 3186 778 3249 omnis
805 3183 957 3268 generis,
987 3181 1029 3247 ad
1051 3184 1242 3246 universam

196 3267 430 3360 antiquitatem
450 3278 713 3353 quasspectant,
735 3270 944 3353 farraginem
959 3269 1150 3334 ab'intsritu
1163 3270 1243 3335 vino
1299 3324 1301 3332 .

195 3351 364 3418 dicarunt
410 3352 491 3435 Quo
513 3355 619 3439 magis
641 3367 750 3444 patet,
778 3356 919 3437 iiiqrum
941 3356 1176 3435 auctoritatem
1198 3376 1242 3419 ex

195 3436 250 3510 his
275 3438 426 3505 maxima
455 3440 621 3526 pendere,
661 3464 810 3531 quorum
841 3444 965 3507 scrinia
1000 3441 1243 3526 compilarunt,

195 3547 312 3613 nequa*
328 3547 366 3591 ea
386 3536 514 3593 temera
538 3528 705 3593 utendum
728 3550 816 3610 esse,
837 3550 901 3593 nec
922 3529 988 3593 nisi
1005 3534 1140 3617 praevia
1161 3525 1242 3593 fon-

194 3613 294 3691 tium,
311 3633 354 3676 ex
366 3610 488 3699 quibus
499 3612 686 3695 hauserint,
705 3617 975 3703 investigatione.
991 3659 1032 3671 -
1057 3614 1242 3681 Gramma⁴

194 3698 344 3766 ticurum
395 3699 510 3763 uicum
537 3723 579 3765 ue
604 3702 784 3768 innotuere
801 3714 952 3767 'censum
983 3701 1242 3767 habuitFabn‘-
1301 3722 1308 3737 ‘

194 3786 267 3850 cius
281 3786 317 3851 iu
327 3786 367 3850 B.
414 3806 442 3852 r.
466 3788 510 3852 Τ.
557 3788 583 3856 Ι.
596 3790 820 3878 papi—389.
832 3787 988 3892 Operam
1002 3799 1113 3855 autam
1123 3810 1242 3876 gruru-

193 3873 416 3955 maticarum,
440 3873 562 3960 quibus
583 3887 719 3966 tempus
736 3887 905 3970 pepercit,
928 3897 1053 3965 corpus
1069 3875 1240 3963 quoddam

196 4045 615 4079 -ι-ιι--ι-ι-ιδ

213 4165 246 4190 ··
265 4159 308 4228 na
327 4162 426 4232 opas
445 4163 528 4223 aaa
545 4164 578 4224 r.
586 4160 610 4222 1.
628 4170 656 4235 a.
668 4168 725 4247 ssu
