2942 4875
354 493 519 548 ,rvnrvs
543 491 994 547 pontemtremulum
1160 479 1204 567 ⁴9

495 581 514 610 ὁ

151 649 270 700 rarum
291 632 509 720 antiquarum
530 629 709 696 thesaurus
729 630 933 711 ditissimus,
956 631 1052 696 cuius
1071 627 1202 696 aditum

153 721 365 787 Graecarum
382 720 570 782 litterarum
594 718 753 782 studiosis
776 719 914 783 demum
926 717 1063 783 reclusit
1074 717 1202 780 duum-

151 815 306 874 virorum
330 826 474 869 acumen
497 806 653 869 criticum
673 816 707 869 et
726 805 869 890 insignis
890 806 1059 896 doptrina,
1083 804 1135 867 Io.
1147 800 1201 869 H.

152 893 336 961 Lederlini
356 901 390 955 et
414 891 492 956 Tib.
505 891 785 968 Hemsterhusii,
807 892 868 977 qui
887 902 966 976 post
982 891 1039 956 W
1034 885 1124 981 ⁰le
1140 891 1203 954 Se-

153 981 228 1046 aeri
259 984 295 1042 in
327 978 458 1041 edendo
487 976 680 1064 Latineque
706 979 872 1042 vertendo
904 978 1045 1043 Polluce
1079 975 1203 1064 (Fran-

153 1063 219 1138 cos.
236 1062 326 1130 1608.
340 1066 385 1150 lt.)
407 1065 638 1150 diligentiam,
669 1065 956 1151 praestantissimo
986 1064 1203 1149 Lexicogra-

152 1152 226 1243 pho
250 1149 466 1216 emendando
489 1160 523 1213 et
542 1151 743 1214 illustrando
766 1171 905 1239 operam
936 1173 1032 1216 suem
1058 1151 1202 1216 addixe‘

152 1249 252 1319 runt,
284 1235 584 1324 Amatalod.1706.
607 1235 742 1301 IlVoll.
763 1234 822 1300 fol.
852 1237 1201 1324 cf.Elagium·Hem·
1274 1305 1278 1306 a

152 1324 316 1390 sterhusii
335 1347 354 1387 a
373 1323 464 1389 Dav.
483 1321 697 1386 Ruhnkenio
719 1327 952 1410 conscriptum
999 1324 1113 1410 Lugd.
1126 1325 1201 1389 liat.

154 1370 1072 1596 rut-0·stalarrzutuunlra
1087 1410 1204 1584 tra

155 1582 346 1649 accuratius
367 1582 554 1667 disquirere
575 1601 674 1670 coepi
702 1602 741 1645 m
766 1605 916 1671 qumque
938 1580 1204 1670 prolusionihus,
1334 1639 1337 1644 ,

155 1690 304 1759 quarum
324 1669 410 1731 dnae
426 1669 557 1756 priores
577 1668 620 1732 de
639 1669 749 1733 Scene
765 1679 801 1730 st
816 1667 857 1732 da
874 1668 1036 1756 Thymele
1052 1668 1091 1733 in
1102 1671 1208 1735 theo·

156 1770 212 1822 tro
241 1757 473 1833 Graecorum,
502 1753 682 1838 Sophoclis
706 1752 914 1819 Philoctetae
935 1766 969 1820 et
988 1754 1205 1821 Trachinins.

154 1842 297 1908 editioni
318 1841 517 1905 subiunctas
538 1850 633 1919 sunt,
657 1839 1044 1920 Vilna01806.et1808.
1063 1841 1093 1909 8.
1118 1841 1205 1906 duae

154 1936 347 2014 aequantes,
380 1927 425 1991 da
444 1926 668 1992 Parasceniis
688 1938 721 1990 et
742 1928 784 1991 de
802 1927 1028 2017 Hypoacenio
1058 1929 1207 1993 coniun-

154 2030 228 2080 otne
248 2015 410 2100 leguntur
430 2014 468 2077 iu
495 2009 638 2102 Woffii,
665 2010 742 2077 Viri
763 2012 854 2094 Cel,
882 2015 1058 2079 Analectis
1080 2015 1203 2080 Litter.

153 2100 237 2167 Vol.
249 2100 292 2168 ll.
317 2120 390 2187 pag.
448 2100 564 2165 -136.
593 2101 719 2188 quinta
741 2099 886 2186 danique
915 2101 958 2164 de
977 2096 1151 2167 Proeilria
1172 2111 1207 2165 et

155 2191 199 2255 cle
223 2188 372 2265 Aulaeo,
437 2190 610 2249 actionum
636 2192 678 2249 in
694 2182 803 2251 Acad.
829 2186 1074 2252 vineatam.
1096 2186 1207 2252 Indici

154 2274 358 2361 praemisse,
380 2270 523 2355 posthac
544 2271 672 2334 inserta
695 2280 745 2334 est
766 2270 1006 2337 Mimalloneis
1025 2271 1208 2352 criticisa

157 2353 1168 2439 Sceledruvnoctarissimo,aditisPartis.[LHitdss.1822ss
1174 2359 1207 2424 8.

222 2449 278 2511 Da
300 2445 456 2529 reliquis,
485 2464 570 2529 quae
592 2444 702 2509 lucam
727 2444 903 2528 viderunt,
923 2446 1063 2512 Lexicis
1088 2456 1207 2537 poste·

156 2539 250 2601 riore
270 2542 426 2619 tempore
447 2526 630 2613 confectis,
651 2531 743 2597 infra
764 2533 895 2620 scripsi.
979 2574 981 2579 >

618 2706 651 2791 ς.
678 2703 750 2771 128.

224 2874 490 2945 Historicorum
519 2871 621 2941 etiam
643 2868 743 2941 ferax
773 2882 847 2943 erat
875 2883 966 2942 aetas
991 2871 1210 2955 Ptolemaeo·

159 2984 255 3045 rum,
288 2967 347 3030 aad
369 2977 438 3027 tam
460 2983 650 3047 paucorum
672 2964 753 3029 libri
773 2964 921 3051 sospites
937 2965 982 3030 sd
1001 2986 1065 3030 nos
1087 2987 1208 3052 parae-
1309 3002 1312 3009 ·

159 3061 302 3129 nerunt,
324 3061 363 3114 ut
377 3051 609 3138 plurimorum
627 3051 734 3116 solem
750 3052 954 3139 memoriam
972 3050 1014 3116 iis
1032 3049 1104 3119 fere
1119 3056 1209 3120 scri-

160 3139 314 3227 ptoribus
346 3134 546 3216 debeamus,
581 3137 640 3223 qui
666 3137 796 3224 aliquot
821 3138 964 3204 saeculis
986 3149 1080 3226 post,
1118 3141 1209 3205 eirca

163 3224 318 3290 Caesaris
345 3222 494 3310 Augusti
521 3231 678 3325 tempora
697 3236 732 3289 et
752 3247 838 3311 quae
859 3234 1066 3314 sequuntur,
1098 3223 1209 3290 fonti·

160 3312 225 3378 bus
246 3310 298 3375 his
317 3311 387 3389 usi,
419 3310 461 3374 ad
482 3307 661 3375 historiam
681 3310 898 3377 scribendam
928 3332 1002 3377 sesa
1033 3311 1209 3398 applicue-

160 3408 254 3465 runt.
300 3395 404 3479 Quod
434 3417 501 3481 qno
527 3398 661 3482 aegrius
697 3398 788 3463 feras
819 3408 965 3485 propter
994 3418 1111 3463 rarum
1140 3397 1209 3465 hoo
1290 3414 1291 3417 ’

161 3485 329 3571 temporis
361 3483 490 3548 ambitu
519 3493 705 3583 pasterum,
739 3506 825 3572 quaa
854 3483 1041 3564 intercidit,
1073 3506 1209 3550 memo-

160 3574 265 3639 riam:
295 3593 336 3635 eo
362 3571 475 3635 minus
496 3568 782 3636 dissimulandum
808 3571 958 3656 videtur,
990 3568 1209 3639 historiama
1249 3633 1251 3636 .

161 3660 307 3750 pristina
325 3658 386 3723 illa
406 3655 638 3742 simplicitate,
664 3658 847 3745 gravitate,
880 3679 1065 3743 rerumque
1086 3680 1209 3723 narra-

160 3757 276 3812 tarum
305 3746 388 3824 lida,
423 3743 569 3831 quasin
596 3744 795 3829 Herodoto,
827 3742 1051 3832 Thucydide,
1082 3740 1209 3811 Xeno·

160 3832 311 3924 phonta,
341 3841 520 3921 tantopere
541 3827 751 3898 admiramur
770 3838 931 3910 virtutes,
944 3839 1023 3897 ,iam
1038 3844 1114 3896 tum
1133 3836 1208 3900 val·

102 3960 121 3977 f-
161 3921 205 3986 de
225 3918 411 3985 deflexisse.
456 3917 549 3982 Nam
570 3938 651 3983 cum
671 3919 829 4007 placendi
847 3917 1106 4005 assentandique
1133 3930 1208 3986 stu·

162 4008 238 4088 dio,
260 4028 315 4070 res
324 4022 446 4086 noras,
467 4002 638 4085 insolitas,
660 4006 834 4071 mirabiles
844 4004 1021 4085 narrandi,
1039 4006 1208 4095 variisque

162 4092 275 4166 modis
295 4091 487 4158 exornandi
506 4112 604 4156 amor
623 4094 857 4177 plurimorum
883 4093 1016 4165 animos
1047 4093 1208 4159 invasisse

162 4177 310 4250 ridetur.
354 4180 434 4262 Qua
453 4178 580 4246 saeculi
599 4179 675 4247 labe
703 4179 873 4271 imprimis
894 4189 1033 4246 notatur
1062 4182 1209 4268 scripto·¹

982 4291 1002 4359 7
