2942 4875
413 390 562 442 scotta,
595 387 773 439 canutus
796 383 1030 436 couvttetm
1205 389 1247 460 71

200 549 349 616 atricum
367 546 568 633 (ἔπιμύλιοι,
590 542 753 632 inaudita
769 542 947 634 ᾄσματα),
970 544 1142 630 remigum
1164 543 1253 632 (ἐρε-

202 634 305 718 τικά),
324 637 539 723 pastoritiae
550 630 753 722 (ποιμενικά,
776 633 1030 715 βουκολιασμοί,
1053 629 1249 714 austeritati),

200 721 472 788 torculariorum
504 718 720 808 (ἐπιλήνιοι),
766 720 943 783 nutricum
977 717 1251 801 (καταβαυκαλή-

201 811 305 894 σεις),
329 805 583 883 balneatorem,
607 806 803 892 lugentium
816 801 1051 893 (ὀλοφύρμοι),
1072 805 1250 868 mendico-

200 916 282 961 rum
306 887 522 978 (eioeocoivat,
542 893 831 979 χελιδωνίσματα,
853 893 1125 976 roccamaura),
1148 890 1268 953 aliaez'
1343 915 1346 922 ·

200 981 250 1043 aio
272 1002 346 1044 mos
367 980 404 1044 ia
422 981 586 1046 conviviis
605 979 654 1041 ad
668 979 828 1042 citharae
845 1000 947 1040 aanor
970 978 1134 1052 cauendi,
1158 975 1251 1063 apud

202 1066 352 1130 Graecos
370 1067 413 1130 ab
440 1064 681 1152 antiquissimis
698 1066 779 1128 inde
805 1060 1016 1148 temporibus
1040 1067 1249 1148 receptusid,

201 1151 317 1217 nobile
341 1158 535 1218 carminum
560 1151 750 1238 lyricorum
779 1150 1003 1234 widgerius,
1038 1173 1124 1236 quae
1143 1148 1250 1215 2³26-

201 1241 274 1304 λια
293 1250 327 1302 ct
346 1238 545 1326 ΙΙάροινα
565 1239 633 1300 sive
653 1239 860 1324 παροίνια
884 1235 1057 1325 ᾄσματα
1075 1249 1250 1300 vocantur.

202 1326 277 1391 lita
296 1327 388 1389 unde
409 1348 536 1389 nomen
556 1324 772 1398 invenerint,
796 1324 1019 1409 disceptatur,
1051 1335 1085 1388 ct
1100 1331 1167 1387 iam
1192 1326 1251 1387 in-

202 1420 257 1474 ter
276 1426 406 1480 veteres
427 1414 610 1496 scriptores
638 1431 763 1493 magna
788 1411 1035 1473 sententiarum
1063 1422 1113 1474 cst
1137 1412 1252 1474 varie-

203 1509 268 1562 tas.
298 1498 380 1560 Vid.
391 1499 547 1585 tarentas
569 1497 606 1559 in
623 1494 711 1559 libro
725 1517 811 1559 mox
827 1495 997 1559 laudando
1016 1494 1252 1583 chXXXV

204 1605 280 1668 sqq.
306 1582 373 1648 Cui
391 1583 586 1647 doctissimo
605 1583 680 1646 vico
699 1592 832 1666 praeter
850 1581 931 1646 alias
952 1585 1102 1646 maxime
1122 1584 1253 1670 proba-

205 1678 265 1732 tur
283 1669 515 1743 Dicaearchi,
539 1668 733 1733 Aristotelis
758 1668 930 1753 discipuli,
953 1675 1117 1733 sententia
1134 1693 1153 1732 a
1171 1670 1252 1732 Sui-

207 1756 252 1817 da
273 1765 423 1828 enotata,
447 1753 583 1820 σκόλιον
603 1756 672 1818 dici
688 1757 790 1841 μέλος
806 1756 859 1817 vol
876 1746 973 1845 ᾆσμα
993 1756 1035 1818 ab
1053 1757 1174 1820 ordine
1192 1779 1254 1820 ca·
1350 1812 1352 1816 .

207 1842 368 1906 nentium
384 1841 511 1930 inflexo
527 1852 562 1905 et
578 1853 751 1918 tortuoso,
775 1861 881 1927 quum
896 1864 966 1929 per
982 1842 1099 1906 orbem
1115 1841 1254 1928 quidem

208 1949 229 1989 a
252 1929 423 2004 convivis,
446 1929 554 2015 myrti
569 1950 703 1992 ramum
722 1928 934 2006 tenentibus,
955 1929 1006 1992 ad
1020 1929 1133 2017 trram
1151 1949 1255 1989 catte-

208 2012 336 2078 bantur
357 2014 478 2092 seclia,
505 2014 564 2077 sed
584 2017 669 2078 serie
691 2017 902 2100 interrupta,
935 2025 968 2077 et
988 2015 1030 2076 ab
1048 2015 1255 2080 eruditiori-

207 2099 288 2177 buo,
321 2102 536 2184 (assentiente
559 2103 862 2187 Artemoneapud
882 2100 1100 2166 Athenaeum
1117 2100 1201 2165 XV.
1220 2123 1256 2188 p.

206 2186 284 2275 694.
305 2197 339 2251 et
361 2186 548 2252 Plutarcho
569 2189 652 2275 Sym
680 2211 729 2252 os.
749 2189 774 2252 1.
793 2190 861 2268 Qn.
877 2210 904 2252 1.
925 2186 1086 2286 ptati)
1110 2190 1184 2272 qui,
1217 2196 1258 2250 ut

210 2274 310 2338 docte
331 2287 365 2338 et
388 2273 565 2361 ingeniose
591 2213 741 2423 effiicat
767 2276 937 2361 ligonius,
966 2275 1051 2338 alter
1074 2276 1116 2338 ab
1147 2274 1257 2336 altero

202 2369 348 2424 cantum
374 2361 566 2450 excipiens,
608 2362 699 2426 iem
738 2372 978 2448 argumentum
1009 2373 1081 2440 ter,
1124 2374 1255 2449 quater,

235 2449 393 2535 uinquies
411 2448 555 2512 fortasse
576 2450 618 2512 'ad
644 2449 870 2549 imitationem
899 2449 1024 2535 primi,
1056 2448 1194 2527 iisdem,
1227 2450 1257 2513 si

210 2469 288 2598 ieri
302 2546 454 2635 poterat,
477 2537 646 2612 numeris,
677 2538 734 2600 scd
763 2537 900 2602 variatis
928 2534 1040 2599 verbis
1059 2544 1158 2621 atque
1176 2557 1258 2600 sen-

213 2626 348 2699 tentiis,
370 2623 522 2687 carmine
543 2633 576 2684 et
592 2635 694 2686 cantu
715 2620 887 2688 efferrent.
907 2661 950 2677 -
995 2621 1161 2688 Inventor
1179 2646 1258 2686 sco-

209 2706 339 2774 liorum
362 2709 509 2774 traditur
540 2707 743 2809 Terpander
770 2711 919 2775 Lesbius
939 2708 982 2798 (l.
1002 2710 1075 2790 38)‚
1112 2708 1257 2773 tortasse

212 2795 307 2882 quod
329 2796 562 2860 convivalibus
580 2794 634 2872 his
659 2797 886 2871 carminibus,
919 2794 1048 2859 dudam
1071 2796 1258 2861 ante'fe1·-

211 2882 337 2969 pandri
362 2895 520 2968 tempora
541 2880 786 2967 frequentatis,
818 2884 951 2970 primus
980 2881 1109 2947 addidit
1136 2894 1260 2947 cautus

211 2970 505 3048 modulationem,
537 2966 686 3035 citharae
695 2976 863 3071 pe'qretuo
874 2971 1057 3034 accidentis
1078 2970 1170 3032 sonis
1191 2992 1259 3057 ap-

211 3066 306 3122 tam:
338 3057 504 3133 attidem,
527 3056 684 3121 Musicae
702 3057 1038 3145 artrspecitissimns,
1060 3066 1094 3118 et
1113 3055 1261 3121 Barbiti

211 3141 286 3206 sive
303 3142 401 3229 lyrae
416 3143 534 3207 multis
552 3143 691 3208 chordis
706 3157 822 3208 tensae
843 3145 1006 3219 inventor
1022 3142 1176 3216 habitos,
1199 3139 1261 3207 uo'-

211 3251 297 3315 μους
308 3229 588 3313 Λακεδαιμονίων
603 3232 828 3313 μελοποιῆσαι
838 3228 964 3295 dieitur
974 3227 1145 3293 Clementi
1155 3227 1258 3292 Alex.

213 3315 339 3379 Strom.
353 3316 379 3380 l.
394 3338 427 3401 p.
439 3315 624 3404 3088ylb<3
644 3316 832 3382 Plutarcho
851 3327 965 3381 autem
984 3317 1054 3403 (De
1071 3315 1204 3378 Musica
1224 3337 1260 3401 p.

215 3399 366 3491 11320.)
390 3402 564 3480 laudatur,
588 3404 682 3490 quod
698 3404 908 3467 carminibus
928 3401 1139 3478 Homericis,
1173 3422 1264 3487 quae

214 3498 313 3553 antea
329 3490 466 3553 recitari
483 3489 591 3574 magis
611 3488 668 3554 vel
693 3489 895 3569 declamari,
918 3510 1022 3576 qnam
1047 3487 1178 3549 cantari
1202 3509 1262 3549 so-

212 3572 347 3651 lebant,
373 3576 597 3664 praecinente
624 3579 730 3641 modo
751 3598 812 3663 per
837 3587 930 3640 certa
953 3571 1131 3640 intervalla
1151 3572 1262 3635 citha-

214 3683 272 3743 ra,
293 3661 480 3726 melodiam
496 3661 551 3752 (τὸ
562 3663 678 3753 μέλος)
697 3664 865 3752 applicuit
876 3663 940 3735 ie.
961 3661 1195 3730 recitationem
1207 3659 1268 3727 val»

264 3970 277 4000 a
442 3970 451 3991 r
614 3971 620 3989 ι
713 3966 725 3989 r

250 3970 290 4038 i)
307 3968 856 4117 qtiiiii,oili'lii'irrirboiirltitiiiiiiiioor
874 4039 982 4113 ἓτᾳίρην

246 4164 250 4173 ‚
283 4107 347 4163 eall·
364 4111 465 4181 Odyss.
482 4106 516 4172 θ’
530 4122 573 4181 99.
592 4109 676 4180 Hya
693 4107 776 4163 Ham.
796 4126 827 4161 m
844 4104 1065 4179 biarcmbsqq.
