2942 4875
235 376 280 446 bb
469 362 729 444 ruvriacam
769 360 1071 443 orirerur-erm

235 551 304 619 aaa
324 548 482 593 aeoraum
505 528 629 606 editas,
659 549 703 592 ex
725 547 874 615 quoram
898 550 1042 593 numero
1067 527 1221 592 Homeri
1235 526 1304 591 atta

238 615 422 693 velitiae,
459 615 647 680 Plutarcho
671 614 758 677 falso
793 613 955 690 tributae,
985 615 1187 678 eximendae
1210 627 1306 686 aunt,

238 691 442 768 Moralium
471 694 730 791 Opuaculoruin
762 702 922 779 nomine,
957 701 1082 764 diveru
1106 700 1304 784 argumenti

238 790 509 854 commentarios
533 788 736 865 historicos,
771 784 1045 875 philosophicas,
1079 787 1304 872 antiquarios,

236 875 421 941 litterariae
447 875 741 961 complectuntur,
770 875 861 937 inter
879 895 967 961 quoe
992 885 1104 938 tamea
1129 873 1303 950 nonnulli,

236 974 277 1025 ut
301 955 682 1038 VilanOrolorum,
707 961 814 1024 libelli
839 961 896 1026 De
935 962 1052 1026 lucilia
1068 962 1305 1049 philosopho-

239 1071 338 1128 rum,
362 1047 420 1113 De
433 1047 680 1126 Fluminibus,
702 1047 884 1112 Purallela
900 986 1035 1112 graeca
1056 1060 1090 1112 et
1115 1049 1305 1126 Romana,

242 1137 453 1223 optimorum
481 1136 683 1198 criticorum
717 1134 883 1195 sententia
919 1154 981 1216 pro
1004 1133 1201 1197 adulterinis
1236 1134 1307 1197 ba-

240 1220 387 1298 bentur3
410 1219 555 1299 doaliia,
577 1227 617 1281 ut
633 1220 675 1282 da
689 1218 857 1283 Convivia
876 1218 965 1283 VII.
992 1219 1216 1307 Sapieatum,
1241 1220 1306 1282 De

223 1307 460 1384 Nobilitate,
494 1306 536 1368 de
561 1303 694 1369 duobus
717 1303 815 1369 libris
837 1306 881 1369 de
903 1305 1062 1370 Fortuna
1085 1319 1146 1372 aut
1170 1307 1306 1372 virtute
1367 1363 1371 1370 4

242 1393 441 1459 Alexandri
465 1391 520 1457 M.
548 1397 601 1474 (ex
622 1392 772 1456 Merceri
805 1390 847 1453 ad
865 1391 959 1455 Non.
984 1392 1133 1456 Marcell.
1154 1416 1202 1477 p.
1230 1400 1307 1456 tta.

242 1489 277 1543 et
303 1478 567 1565 Wyttonbachii
593 1479 630 1542 in
652 1478 742 1542 Bibl.
768 1477 851 1543 Crit.
877 1476 970 1542 Ρ“.ΙΙ.
999 1499 1031 1562 p.
1060 1479 1127 1544 133.
1162 1479 1196 1541 Ρ.
1214 1468 1303 1542 ΧΠ.

243 1589 277 1655 p.
293 1588 330 1652 ¹7
350 1587 424 1650 sqq.
441 1569 629 1643 sententia,
650 1565 859 1629 iuvenilibus
882 1575 916 1627 et
933 1565 1112 1628 rhetoricis
1129 1563 1305 1628 Plutarchi

243 1653 584 1741 declamationibus),
618 1659 652 1713 et
676 1650 734 1716 De
755 1673 945 1740 priorarum
966 1653 1171 1715 adoratione
1194 1653 1306 1715 inaliss

174 1783 179 1792 ·
243 1738 374 1803 tuendo
394 1744 450 1824 (cs.
480 1738 750 1828 Wyttenbaclrii
769 1739 1063 1822 Disputatiouem,
1095 1760 1158 1824 qua
1183 1752 1305 1802 osten-

245 1827 354 1901 ditur,
389 1828 589 1910 scriptorem
614 1823 694 1886 libri
718 1823 758 1885 de
775 1825 981 1887 educatione
1011 1846 1194 1905 puerorum
1226 1847 1303 1887 nou

246 1933 318 1976 eaeo
347 1910 572 1975 Plutarchum
602 1908 902 1988 Chaeronensem,-
936 1912 970 1974 ia
996 1908 1151 1994 Operum
1177 1911 1304 1974 Mora-

244 2000 331 2063 lium
344 1997 502 2061 editionis
514 1996 628 2071 Tomo
643 1995 701 2061 Vl.
715 1998 785 2061 sive
798 1997 1054 2060 Animadverss.
1067 1996 1126 2058 lmo
1139 2020 1170 2082 p.
1188 1997 1302 2081 ¹739·

245 2086 386 2169 eiusque
409 2081 646 2169 disputationis·
670 2082 851 2168 Epirumaa
877 2083 910 2143 iu
935 2084 1201 2165 Wrtleabaalrii
1218 2073 1327 2146 lili-¹

248 2170 440 2238 avallonem
453 2170 634 2234 doctrinae
646 2167 734 2232 lihro
748 2165 788 2230 ll.
800 2167 946 2232 Amstel.
962 2171 1015 2234 r8r
1028 2199 1053 2234 ι.
1069 2191 1147 2254 pag.
1161 2170 1201 2231 25
1214 2175 1303 2254 sqq.)

248 2253 439 2332 dubitatur,
460 2267 577 2329 utrum
602 2253 713 2340 spurii
735 2256 804 2318 siut
826 2277 942 2320 necue.
962 2295 1003 2307 -
1036 2257 1127 2332 Alii,
1150 2267 1185 2319 ut
1199 2259 1302 2343 Apo-

245 2344 480 2434 phtbegmaia
512 2343 625 2428 (uerita
656 2342 760 2427 dicta)
783 2339 932 2427 'Regum
958 2355 993 2405 et
1019 2346 1301 2431 imperatorum,-

249 2432 565 2519 Apoplrthegmata
577 2429 778 2507 Laconica,
794 2429 964 2494 instituto
976 2429 1171 2505 [Λεοντέως
1187 2429 1233 2490 W
1240 2441 1301 2515 yt-

218 2515 430 2581 .1enbachio
453 2517 583 2591 iudice,
607 2526 688 2577 som
708 2514 814 2592 veluti
836 2514 1088 2579 Commentario
1111 2527 1144 2577 et
1157 2515 1300 2581 Adver-

250 2604 357 2681 aaria,
378 2625 422 2666 ex
441 2602 618 2667 Plutarchi
639 2600 735 2663 libris
757 2602 811 2664 vel
832 2604 873 2663 ab
889 2602 980 2689 ipso,
1006 2603 1056 2665 ael
1077 2604 1118 2665 ab
1139 2604 1204 2666 alio
1225 2606 1300 2665 col·

249 2690 355 2761 lecta,
386 2690 488 2766 adeo,
511 2699 628 2751 utens
650 2709 934 2772 necgermanaa,
967 2709 1028 2752 nec
1053 2697 1189 2776 spurios
1214 2712 1298 2773 pro-

249 2778 413 2843 nunciare
436 2775 582 2839 firmiter
603 2773 797 2839 audeamus.
840 2775 996 2860 Denique
1026 2777 1224 2840 (Inmolatio
1248 2777 1301 2842 ad

249 2863 480 2952 Apolloniam
510 2872 544 2924 ct
564 2860 800 2948 Reprehensio
823 2862 1002 2926 Herodoti
1026 2863 1190 2925 iuveniles
1215 2863 1299 2924 Plu·

249 2951 362 3014 tarchi
371 2951 436 3012 scri
463 2950 570 3011 tiones
583 2949 741 3011 videntur
753 2948 1019 3036 Wyttenbachio
1031 2949 1127 3012 Mire.
1137 2950 1244 3015 doctr.
1255 2952 1296 3013 lla

235 3057 288 3122 ,μ
301 3038 353 3122 59
365 3077 407 3091 -
464 3033 599 3098 ebus'et
620 3035 794 3096 ‘sententiis
818 3032 936 3098 creber
959 3035 1162 3099 Plutarchus
1174 3084 1199 3114 ,2
1216 3058 1297 3098 ora-

253 3124 357 3188 tionis
376 3123 599 3210 simplicitati,
630 3121 762 3184 uativae
778 3120 964 3205 'elegantiae
991 3133 1090 3208 atque
1115 3124 1297 3185 concinni.

252 3209 330 3289 tati,
355 3231 439 3293 quae
457 3207 685 3294 antiquiorum
702 3207 827 3294 scripta
850 3219 1028 3293 tantopere
1046 3211 1297 3289 commendant,

216 3331 221 3341 ·
253 3298 368 3375 minua
386 3297 529 3359 studuit:
552 3295 643 3359 unde
665 3294 771 3356 durus
791 3293 843 3368 fit,
867 3296 1111 3371 subobscurus,
1136 3318 1198 3359 nec
1215 3320 1297 3359 raro

254 3382 411 3446 dictionis
434 3380 607 3445 affectatae
638 3390 672 3444 et
694 3382 795 3444 nimia
828 3394 1041 3446 coacervatae
1076 3393 1210 3448 tumore
1242 3385 1297 3447 di-

251 3492 267 3534 a
294 3469 381 3536 licet.

267 3492 290 3558 p
314 3554 489 3644 Opueeula
499 3553 658 3619 Moralia
668 3552 981 3617 PlutarchiGraoce
991 3559 1104 3641 primo
1118 3555 1227 3618 lucem
1238 3555 1298 3618 ad·

256 3651 444 3729 spuerunt
455 3642 605 3705 Venatiia
615 3641 650 3702 in
659 3640 796 3703 aedibus
805 3641 893 3705 Atei
906 3648 995 3725 1509.
1003 3640 1061 3704 fol.
1073 3654 1211 3706 certante
1222 3643 1301 3706 De·

254 3731 380 3795 metria
395 3728 500 3792 Duco
519 3726 683 3790 Cretensi.
713 3725 822 3791 Vitae
836 3728 1030 3791 Parallolae
1045 3728 1232 3793 Florentiae
1244 3752 1301 3817 ap.

255 3815 390 3879 luntam
407 3817 497 3900 1517.
511 3813 573 3879 fol.
586 3824 682 3896 etap.
699 3813 847 3890 Aldum,
866 3815 987 3879 Venet.
1005 3817 1094 3926 1519.
1106 3816 1167 3879 sol.
1193 3817 1301 3879 Prae-

257 3904 375 3989 cipuae
392 3900 471 3964 iude
490 3898 572 3964 00.
589 3899 680 3963 Plut.
702 3900 868 3963 editiones
888 3916 968 3964 artat
984 3902 1036 3965 H.
1053 3904 1225 3991 «Stephani
1236 3901 1310 3967 Gra

258 3998 292 4051 et
303 3989 378 4053 Lat.
399 4009 478 4051 cum
502 3988 594 4051 notis
612 3991 681 4050 auis
703 3989 793 4069 ¹572·
814 3985 1007 4053 XlIlVoll.
1019 3989 1049 4050 8.
1070 4028 1110 4040 -
1150 3991 1302 4055 Wacke-

259 4076 357 4142 Iiana
369 4072 526 4141 Francos.
540 4073 623 4141 1605
643 4083 677 4139 et
691 4073 782 4140 1620.
801 4074 834 4139 11
849 4074 937 4140 Voll.
949 4073 1009 4140 fot
1021 4096 1100 4139 cum
1120 4077 1207 4141 notia
1221 4076 1305 4165 Xy«,
