2942 4875
495 472 853 537 Htrrocnsrus
886 447 1019 536 cons
1217 469 1281 535 205

227 647 334 714 terior
361 645 547 731 egcuuinis
564 645 756 708 discernere
771 666 809 710 ac
822 666 981 733 seperare
994 651 1169 724 tentarunt
1185 641 1281 707 Ero-

223 739 359 804 tianus,
382 733 535 796 Neronis
555 732 787 818 temporibus,
809 742 843 796 et
870 732 1042 809 Galenus,
1064 729 1281 794 medicorum

214 834 292 911 post
306 820 553 907 Hippocratem
572 818 828 894 celeberrimus,
853 818 1002 884 Saecli.
1016 828 1095 907 post
1106 814 1188 879 Chr.
1209 813 1279 879 flo-

221 930 321 984 reus,
344 908 403 994 qni
414 908 560 972 criticae
577 907 667 972 artis
684 914 718 968 et
736 907 1026 992 interpretationis
1044 907 1180 991 egregia
1200 922 1281 989 spe-

225 995 351 1058 cimina
379 994 522 1082 in'ipsis
554 992 723 1079 Hippocr.
753 991 913 1081 operibus
942 992 1048 1058 edidit
1072 1002 1104 1054 et
1128 989 1279 1074 reliquit.

226 1081 347 1161 Quum
366 1079 556 1144 secuudum
586 1079 666 1160 hos,
690 1087 764 1144 tum
781 1092 934 1145 veterum
958 1085 1169 1168 scriptorum
1192 1097 1279 1140 con·

225 1189 348 1246 sensu,
371 1188 435 1254 pro
452 1165 611 1253 genuinis
630 1167 762 1251 scriptis
779 1169 826 1232 H.
838 1164 1027 1231 habentur:
1054 1172 1082 1249 ι)
1100 1161 1281 1243 'Eurin-

219 1273 270 1343 μι
283 1256 308 1321 ὦ
321 1278 341 1321 ν
358 1255 380 1318 i.
394 1276 423 1317 e.
445 1252 645 1319 morborum
650 1253 882 1340 popularium
892 1253 981 1319 liber
992 1253 1007 1318 l
1020 1263 1053 1316 et
1063 1251 1122 1317 iil.
1145 1254 1177 1338 α)
1187 1249 1280 1316 Pro·

218 1343 426 1431 gnosticon,
450 1341 610 1426 princeps
633 1360 651 1400 e
674 1338 865 1404 Semioticis
882 1340 979 1404 liber.
1002 1338 1279 1428 3)Aphoricmo-

219 1450 300 1494 rum
320 1430 488 1491 sectiones
502 1425 580 1491 Vll.
605 1427 742 1512 (octava
759 1427 883 1513 spuriis
902 1427 1170 1511 annumeranda)
1193 1444 1281 1489 eou-

223 1515 292 1577 cisa
314 1511 479 1576 brevitate
496 1510 536 1574 de
555 1510 759 1575 morborum
776 1523 913 1590 uatum,
936 1513 1057 1598 signis,
1073 1517 1192 1592 exitu,
1216 1532 1280 1597 pc·

222 1599 346 1678 riculo,
358 1598 654 1686 praecipientium,
665 1620 750 1685 quae
761 1604 797 1662 in
809 1600 881 1663 aliis
892 1598 988 1664 libris
1000 1598 1173 1685 copiosius
1186 1596 1275 1660 scri-

199 1695 276 1786 ‚pta
297 1694 395 1750 eraut
422 1685 464 1749 ab
482 1685 707 1773 Hippocrate.
731 1687 877 1774 iinspi
915 1685 1105 1764 διαίτης
1134 1680 1276 1764 ὀξέων

217 1794 243 1838 1.
262 1791 291 1834 e.
316 1771 357 1834 dc
383 1773 515 1836 ratione
544 1778 653 1837 rictus
672 1772 709 1834 in
729 1772 859 1836 morbis
886 1774 1004 1836 acutis,
1029 1772 1181 1858 5)περ“ι
1209 1763 1279 1832 ois'·

220 1878 320 1945 pur,
338 1854 532 1936 ὑδάτων,
553 1855 717 1934 τόπων,
742 1860 785 1922 de
806 1861 901 1940 ac‘rc,
924 1860 1040 1948 aquia,
1064 1880 1102 1922 re
1128 1853 1281 1920 ionibus.
1394 1935 1397 1943 Ι

222 1948 255 2029 6)
268 1942 328 2009 Dc
341 1944 470 2094 cupitis
490 1946 748 2009 vulneribm.-
767 1942 894 2012 Contra
909 1945 1050 2036 spuriis,
1063 1878 1175 2007 reide
1190 1960 1282 2027 quo-

219 2051 300 2094 rum
319 2053 377 2095 am
401 2031 417 2094 i
441 2032 515 2096 itur
531 2030 749 2108 auctoribus,
772 2042 995 2096 accensentur
1012 2028 1219 2114 Ἐπιδημιῶν
1236 2027 1281 2091 li-

219 2114 272 2179 bri
296 2114 338 2180 ΙΙ.
351 2114 418 2181 IV·
458 2116 523 2197 11.;
549 2117 687 2184 Concae
709 2118 982 2197 Praenotiones,
1011 2138 1157 2205 querum
1182 2135 1278 2202 pers,

217 2211 258 2268 ut
273 2201 354 2267 libri
373 2203 416 2268 dc
420 2203 600 2291 fracturis
616 2215 650 2268 et
667 2205 710 2269 de
729 2207 901 2283 articulis,
917 2207 957 2270 ad
979 2205 1228 2293 Hippocratem
1240 2201 1280 2281 L,

219 2291 331 2354 nostri
346 2308 466 2364 avum,
490 2288 719 2355 Themistocli
731 2293 920 2376 aequalem,
943 2287 1149 2357 snonnuiiis
1166 2286 1282 2353 reter-

217 2387 292 2455 turs
333 2376 392 2443 De
413 2375 633 2455 inmeritum
668 2375 728 2444 De
743 2376 898 2461 Diaeta,
927 2378 986 2445 Dc
1004 2376 1134 2445 mortis
1154 2374 1210 2441 LI
1216 2374 1260 2440 V.
1266 2401 1281 2455 ;

221 2462 446 2534 Datamisa
457 2474 608 2542 natura,
622 2460 781 2552 Ὅρκος
802 2465 873 2529 sire
890 2464 1164 2543 Iusiurandum,
1185 2462 1281 2551 Epi-

224 2551 354 2628 stolae,
378 2549 504 2633 aliique
524 2548 667 2635 plurimi
716 2572 779 2619 uos
804 2553 974 2616 recensuit
993 2549 1210 2616 doctissimus
1224 2547 1280 2614 A·

224 2636 412 2703 okermnnn
435 2636 477 2697 ad
498 2634 630 2700 Febris.
653 2635 693 2700 B.
740 2659 768 2703 r.
787 2638 830 2703 Τ.
843 2636 885 2703 11.
898 2637 1083 2727 petasqq.

151 2727 155 2732 ’
286 2722 510 2807 Hippocratis
527 2720 697 2787 librorum
709 2725 916 2815 interpretes
931 2725 1105 2814 antiquos,
1128 2739 1281 2807 quorum

218 2808 405 2874 Erotianus
430 2818 465 2872 et
488 2807 639 2872 Galenus
668 2809 916 2893 meminerunt,
948 2814 1100 2901 quinque
1129 2818 1164 2872 et
1182 2828 1281 2956 lquo-

219 2896 285 2961 dra
312 2897 391 2961 into
412 2897 574 2961 excitarit
586 2894 852 2961 Ackermannus
869 2897 893 2963 l.
905 2918 934 2963 c.
946 2919 978 2984 p.
993 2898 1136 2984 599sqq.
1200 2891 1280 2957 dem

220 2920 470 3061 aedicantes,
493 2993 567 3047 tum
588 2985 647 3075 qui
667 2986 827 3071 pleraque
851 3006 956 3075 opera
976 2984 1172 3057 continent,
1201 2989 1279 3044 tum

217 3069 431 3193 singpiorum
448 3070 619 3134 librorum
632 3075 866 3135 recensuit-
896 3070 1026 3139 Omnia
1048 3069 1164 3159 Opera
1182 3064 1278 3154 Hip-

217 3156 387 3242 pocratiee
402 3158 563 3244 primum
583 3157 788 3245 prodierunt
806 3158 959 3225 Venetiis
979 3178 1037 3247 ap.
1050 3152 1182 3219 Aldnm
1196 3149 1280 3218 1526

218 3241 280 3308 fol.
304 3243 406 3307 Hanc
418 3243 602 3308 aditionem
617 3255 811 3331 sequuntur
822 3245 1067 3319 Frobeniana‚
1084 3241 1173 3306 Iano
1189 3236 1280 3305 Cor·

219 3329 323 3394 nario
347 3330 492 3408 editore,
514 3329 668 3394 Basiieae
690 3330 862 3414 1538f01.;
890 3328 1191 3408 Graeco-latino,
1214 3346 1280 3389 au·
1359 3374 1361 3381 ,

220 3426 314 3480 ctore
344 3416 494 3480 Hieron.
519 3415 754 3495 Mercuriali,
788 3418 845 3504 qui
872 3417 992 3483 eodem
1014 3415 1088 3481 fere
1108 3424 1279 3500 tempore,

222 3523 291 3588 quo
314 3501 629 3583 tennemonn,
652 3526 799 3591 opernm
816 3504 864 3569 Hi
892 3514 1131 3589 pocrateorum
1155 3520 1281 3564 censu-

219 3610 277 3653 rae
301 3587 444 3651 multem
468 3588 561 3652 dedit
579 3610 740 3677 operam,
763 3603 838 3656 turn
898 3593 1060 3661 cecinnae
1080 3588 1213 3677 plures,
1235 3584 1278 3649 ab

219 3675 357 3741 Auctio
370 3673 497 3739 Fossis
514 3687 661 3757 curatae,
704 3699 826 3743 aarum
839 3679 950 3767 prime
962 3678 987 3744 F
989 3672 1181 3743 rancofurti
1196 3671 1280 3762 1595

220 3759 302 3840 fot,
326 3761 445 3824 ultima
473 3759 633 3830 Generae
659 3700 741 3853 1357
758 3764 819 3830 fol.
840 3766 984 3853 prodiit,
1008 3786 1088 3828 cnm
1110 3759 1281 3825 versut.

223 3848 475 3912 accuratissime
496 3846 684 3927 elaborata,
707 3861 741 3916 et
764 3852 897 3917 Lexico
917 3858 954 3918 in
974 3851 1144 3941 Hippocr.
1167 3848 1281 3914 utilit·

222 3935 313 4000 simo
325 3955 477 3999 seorsum
492 3924 594 4014 edito,
610 3939 701 4024 quod
712 3938 927 4009 inscribitur:
957 3935 1166 4005 Oeconomia
1178 3934 1281 4024 Hip-

217 4023 377 4110 pocratis
396 4021 428 4085 al
455 4022 571 4087 hebeti
591 4025 679 4089 serie
703 4024 863 4091 distincta
881 4036 944 4089 etc.
965 4018 1280 4090 francof.1588.ct

223 4105 385 4173 Genevae
411 4044 565 4177 sitiefol.
589 4110 872 4190 postrenum,
895 4113 976 4202 Hip
1003 4134 1072 4177 ocr.
1092 4121 1125 4175 et
1148 4107 1279 4175 Galerii

223 4214 326 4283 opere
356 4194 549 4288 splendida,
565 4197 723 4288 ⁸editione
755 4200 903 4269 iunctim
933 4219 952 4268 r
1014 4199 1082 4268 erit
1114 4196 1279 4263 chatus
