2942 4875
335 461 507 521 anteriso
530 467 1115 519 rananrmrs.rmorm1sa1vs
1204 448 1248 519 οὔ

204 607 272 686 laec
291 628 419 693 genere
440 605 681 694 perfectiores
706 614 777 668 tota
798 603 996 690 antiquitate
1016 606 1058 670 ad
1084 627 1146 669 noa
1168 626 1249 693 per.

206 695 316 772 venit,
337 695 511 780 quodque,
533 690 1033 768 utHermesienacteumillod,
1054 691 1091 755 in
1106 691 1248 756 [latinos

205 781 320 866 elegos
351 781 522 865 eleganter
550 778 724 844 transtulit
746 778 949 860 Sonteniua,
978 778 1078 842 docet
1104 799 1182 854 nos,
1212 779 1250 843 in

205 871 366 931 universo
397 868 567 952 po'e'mete,
600 866 696 930 cuius
724 864 873 928 indicem
902 863 1016 950 paullo
1048 872 1126 927 ante
1152 863 1250 928 dadi-

206 976 302 1037 mue,
324 952 537 1017 Graecorum
559 949 690 1015 fabulas
714 952 756 1013 de
779 970 965 1037 puerorum
986 971 1101 1014 amore
1124 949 1249 1014 decan.

206 1050 291 1104 tatas
318 1036 433 1103 sitisse.
477 1036 740 1103 Cf.Hat·lesium
760 1035 802 1099 ad
823 1035 969 1100 Fabricii
994 1036 1033 1099 Β.
1047 1033 1089 1103 G'.
1114 1034 1251 1103 Vottl.

206 1145 239 1276 p.
252 1128 326 1214 874.
350 1123 452 1189 Conr.
467 1124 668 1189 Schneideri
684 1124 840 1208 disputat.
859 1120 900 1187 de
912 1123 1123 1186 Graecorum
1134 1122 1250 1208 Elegia

242 1211 263 1275 Ι.
283 1232 318 1297 p.
329 1212 371 1277 ea
379 1232 451 1297 sqq.
490 1210 801 1276 IocobaiiAnthol.
813 1208 875 1273 Gr.
888 1208 971 1273 Vol.
985 1207 1009 1273 1.
1030 1230 1066 1296 p.
1076 1213 1151 1276 204.
1170 1229 1252 1275 cum

207 1291 465 1364 Animadversa.
475 1296 502 1362 1.
515 1316 545 1361 a.
563 1318 597 1385 p.
609 1301 751 1384 antaqq.
774 1292 833 1359 ΙΙΙ.
845 1294 876 1359 3.
898 1317 931 1382 p.
943 1295 1018 1383 933.

663 1470 696 1555 s·
723 1488 795 1556 ιη·

274 1640 538 1709 Paraetacis.
563 1637 722 1703 carminis
746 1638 958 1705 eduliorum
987 1639 1253 1706 similitudinem

210 1729 257 1794 ita
273 1727 455 1808 modulati,
476 1730 567 1790 utin
586 1723 832 1790 versificatione
848 1736 883 1790 et
902 1738 974 1790 toto
996 1729 1163 1791 sermonis
1181 1736 1254 1793 tra-

210 1826 267 1879 ctu
288 1815 431 1879 imitatio
455 1811 619 1898 quaedam
639 1810 841 1899 pierumque
865 1810 1071 1877 subridicnla
1093 1815 1254 1898 cognosci

208 1902 332 1990 possit,
364 1905 461 1964 cuius
478 1899 667 1985 antiquiora
687 1900 861 1984 exempla,
899 1907 1036 1983 praeter
1053 1899 1256 1966 Batracho-

209 2011 244 2052 m
267 1986 465 2050 omaclziom
493 1994 543 2063 et,
579 1983 768 2048 secundum
800 1983 1003 2062 nonnullos,
1055 1985 1255 2070 Morgitem

208 2011 357 2160 (diam),
379 2072 435 2135 Hi
488 2072 621 2136 anoctis
632 2071 681 2156 (ς.
693 2069 775 2171 3p),
797 2072 1017 2160 Hegemonia
1033 2070 1158 2137 Thasii
1173 2073 1256 2157 (cir-

209 2182 248 2221 ca
260 2094 537 2244 optundit),
561 2154 744 2221 Matronae
762 2157 914 2221 Pitanaei
926 2157 1113 2246 Παρῳδοῦ,
1136 2160 1256 2223 etAr-

210 2246 393 2320 claeatroti,
415 2244 564 2306 incertae
585 2243 701 2306 aetatis
725 2229 920 2327 politorum,
952 2251 1105 2307 carmina
1127 2252 1255 2309 carmi.

211 2351 362 2416 numque
395 2328 602 2411 fragmenta,
645 2328 769 2413 partim
803 2328 882 2391 satis
911 2328 1035 2408 multa,
1078 2329 1120 2393 ab
1143 2331 1256 2396 Athe·

210 2439 296 2485 naeo
329 2415 476 2479 maxime
505 2411 703 2492 laudantem
746 2412 943 2495 Parodioe,
981 2414 1141 2501 inquam,
1180 2427 1255 2483 tum

103 2512 107 2523 ’
212 2528 230 2565 a
256 2505 332 2568 icoc
352 2512 386 2564 et
406 2499 616 2577 dialecticae,
639 2500 965 2581 camerancensi,
988 2523 1095 2588 genua
1115 2504 1276 2591 duplex,

246 2589 505 2665 tole'maeorum,
528 2585 675 2671 Lagidae
694 2596 727 2649 et
744 2584 979 2671 Philadelphi,
1002 2598 1124 2669 aetate,
1149 2610 1256 2653 exco-

215 2673 482 2738 lueroeriiitlto
505 2671 715 2738 Tarentinus
735 2682 770 2736 et
789 2671 890 2738 Timo
912 2672 1100 2740 Phliasius.
1145 2676 1257 2757 Prior,

214 2763 323 2825 dictus
349 2761 449 2823 etiam
472 2753 585 2849 φλὺαξ
609 2768 642 2821 et
666 2754 944 2849 φλυακογράφος,
986 2771 1104 2824 auctor
1127 2758 1257 2848 ‘liupo-

212 2847 401 2937 τραγῳδίας
421 2844 525 2909 fnisse
545 2842 761 2932 perhibetur,
784 2845 944 2909 carminis
963 2846 1173 2913 hexametris
1192 2851 1256 2912 da-

214 2934 344 3021 ctylicis
369 2932 554 2996 maximam
575 2941 707 3019 partem
724 2932 924 3030 compositi,
947 2934 1032 3021 (quo
1052 2944 1161 2999 metro
1182 2932 1257 2999 lere

177 3088 182 3099 ,
216 3042 336 3086 omnes
357 3019 524 3108 parodica
546 3040 564 3083 a
588 3015 729 3082 Graecia
762 3019 869 3101 poetis
898 3022 1038 3104 scriptas
1065 3041 1136 3084 essa
1162 3028 1258 3109 puta)

213 3108 251 3170 in
274 3125 341 3190 qno
360 3114 570 3190 argumenta
589 3104 732 3191 tragica
752 3106 802 3169 ad
818 3105 929 3170 risum
946 3107 1161 3194 captandum
1181 3107 1259 3197 dif-

207 3191 441 3281 fingerentur.
486 3187 543 3252 Ab
559 3185 734 3278 ‘llcpaodip
764 3200 894 3266 autem,
928 3191 1062 3255 diverso
1094 3194 1255 3257 carminis

216 3299 359 3363 gernere,
382 3275 430 3339 sic
451 3254 729 3362 distinguendum
751 3276 859 3340 videri
882 3277 1171 3367 ὶλαροτραγῳδίαν
1192 3278 1259 3353 do-¹

216 3365 287 3427 cuit
308 3361 484 3453 Oroanna,
507 3362 560 3427 vir
575 3361 809 3439 doctissimus,
830 3374 885 3443 nt,
906 3363 985 3427 licet
1006 3367 1183 3451 utriusque
1199 3387 1258 3430 ar.

215 3457 417 3535 gumentum
438 3469 531 3514 more
550 3448 721 3515 comicum
741 3448 863 3527 fuerit,
896 3470 935 3513 ac
961 3450 1131 3514 hilaritate
1161 3459 1258 3516 ioco-

216 3556 296 3602 rum
322 3544 357 3598 et
382 3533 514 3598 lascivis
545 3533 643 3601 dictis
668 3536 777 3600 risum
815 3536 946 3624 populo
977 3539 1179 3619 excusserit,
1219 3539 1259 3605 in

216 3620 485 3710 liaparpcyrpdiqa
525 3630 637 3687 tamen
667 3628 772 3688 virtus
802 3624 932 3686 comica
962 3619 1004 3686 eb
1038 3627 1285 3712 argumentis¹

217 3710 366 3795 tragicis
385 3718 571 3793 peteretur,
594 3730 696 3795 qnae,
727 3729 772 3771 ex
792 3708 960 3775 cothurno
980 3709 1018 3773 in
1036 3731 1174 3776 soccum
1196 3712 1258 3775 de-

216 3807 326 3879 torta,
354 3814 433 3857 cum
453 3795 591 3879 paradis
613 3797 859 3860 deriderentur.
890 3792 1081 3882 Utramque
1097 3817 1195 3873 vero,
1224 3811 1261 3864 et

216 3880 415 3971 ἷραρῳὸἰαν,
445 3892 481 3944 et
500 3881 804 3972 ὶλαροτραγῳδίαν,
836 3889 874 3948 in
902 3904 1041 3948 scenam
1067 3881 1257 3965 deductam,

216 3978 251 4030 et
270 3991 349 4049 eum
367 3967 544 4031 saltatione
563 3970 625 4032 ie.
646 3970 902 4055 gesticulatione
920 3979 954 4034 et
972 3974 1104 4034 actione
1119 3973 1258 4037 mimica

216 4053 425 4118 decantatam
454 4052 574 4130 luisse,
613 4055 797 4120 verisimile
824 4054 874 4121 fit.
920 4056 1106 4135 Posterior,
1155 4057 1258 4123 Timo

217 4140 412 4222 Phliasius,
434 4138 608 4230 Scepticua
629 4140 877 4233 Philosophus,
900 4141 989 4206 circa
1008 4139 1064 4208 Ol.
1084 4141 1257 4212 CXXVll
