2942 4875
324 203 332 238 Ι

274 425 338 496 146
527 423 709 492 Mariti.
748 422 1068 489 Arcesilaum

244 631 247 642 .
276 580 353 646 aliis
376 577 496 644 similis
520 577 711 665 argumenti
732 576 869 660 scriptis
897 573 981 643 Nic.
1006 574 1215 664 Rigaltius,
1247 567 1331 640 Lu»

275 668 375 734 tetius
400 664 536 732 t603.l.
558 674 592 728 et
610 683 721 752 nuper
742 663 785 726 ad
799 663 949 747 duorum
971 660 1070 726 codd.
1096 685 1173 728 mss.
1200 661 1327 726 Venet.

274 750 380 818 fidem
401 752 586 816 recensitos
612 760 646 814 et
668 750 883 825 emendatos,
906 770 984 812 cum
1010 749 1169 832 Rigaltii,
1191 746 1329 816 Reiskii

276 842 413 926 suisque
448 838 689 902 animadverss.
722 838 753 901 Ι.
782 836 826 900 G.
859 834 1023 923 Rezflim,
1059 834 1195 921 Lipsiae
1231 839 1329 904 1805.

274 926 309 992 II
330 926 422 991 Voll.
445 934 475 992 8.
516 924 555 989 ln
580 921 718 1010 praefat.
740 924 843 987 vitam
864 921 1253 1001 Artemidori'euarrat‚
1286 945 1330 985 e-

274 1018 395 1097 iusque
418 1020 560 1076 aetatem
583 1010 695 1075 Marci
714 1008 852 1074 Aurelii
872 1005 1005 1073 Anton.
1033 1006 1245 1096 temporibus
1266 1030 1329 1073 as-

278 1100 399 1188 signat.

735 1267 763 1357 i·
788 1270 861 1356 1⁷⁵·

343 1437 504 1505 Sannudi
533 1450 646 1503 tamen
676 1451 735 1501 ars
757 1434 1012 1516 Alexandrus,
1045 1427 1329 1504 Ptolemaeorum

173 1597 175 1602 ,
274 1528 462 1605 beneficio,
494 1525 627 1611 magnis
651 1520 804 1587 auctibus
827 1541 980 1587 erescere
1012 1520 1142 1602 debuit,
1175 1530 1330 1593 maxime

275 1635 319 1679 ex
342 1613 555 1678 Anatomt‘ce
577 1615 731 1699 corporis
754 1610 901 1674 lrumnni
920 1609 1053 1686 studio,
1090 1612 1181 1694 quod
1205 1612 1330 1678 Ptolea

275 1720 454 1764 maeorum
479 1700 591 1784 primo
614 1707 780 1780 regnante
803 1696 979 1780 insigniter
1002 1693 1221 1779 perfecerunt
1241 1696 1328 1766 He-

277 1783 711 1875 rophiltssClislcedonius,
734 1783 950 1866 Praxagorae
963 1781 1326 1867 discipulus‚.etCens

276 1872 539 1948 Erasistr'ulus,
561 1867 691 1932 Seleuci
703 1868 877 1932 Nicatoris
892 1868 1063 2017 puoudam
1086 1871 1237 1936 medicus
1259 1896 1326 1937 uo·

71 2035 74 2040 .
277 1960 482 2038 bilissimas,
506 1967 647 2041 uterque
669 1955 806 2019 sclrolae
826 1975 890 2018 con
916 1954 1241 2036 immodicarum,
1266 1961 1325 2046 qni

178 2113 181 2116 ,
274 2061 390 2109 tamen
403 2064 469 2104 non
483 2043 590 2125 magis
609 2041 814 2126 famaquam
837 2040 968 2105 meritis
987 2054 1225 2128 praeceptores
1243 2069 1324 2112 auos

276 2137 475 2217 aequamnt.
520 2126 653 2190 Interea
674 2136 708 2189 et
729 2127 1011 2213 dogmaticorum
1033 2126 1070 2216 (l.
1089 2134 1155 2228 99.)
1176 2136 1267 2199 inter
1286 2156 1324 2200 se

277 2216 435 2294 dissidia,
463 2225 498 2277 et
518 2213 759 2299 Pyrrhonismi
787 2214 904 2300 peullo
927 2223 1003 2277 anta
1026 2225 1169 2279 excitata
1202 2222 1324 2300 eludis,

277 2303 489 2391 empicorum
517 2301 730 2365 medicorum
761 2310 870 2363 sectas
901 2310 1015 2363 ortum
1049 2300 1192 2381 dedere,
1225 2311 1325 2374 cuins

275 2394 409 2481 primus
438 2395 557 2452 auctor
586 2387 749 2453 Philinus
772 2384 864 2452 Cous
893 2383 997 2452 fuisse
1020 2388 1174 2467 ridetur,
1206 2392 1326 2459 Hero.

262 2476 367 2566 ,phili
397 2475 584 2557 discipulus
620 2475 727 2561 (circu
753 2470 809 2537 Ol.
833 2472 995 2539 CXXIII.
1025 2495 1050 2538 r.
1075 2494 1103 2540 o.
1127 2476 1191 2542 ch.
1216 2481 1324 2564 288),
1433 2510 1434 2527 ³

278 2564 341 2628 etsi
365 2583 448 2625 mox
470 2560 642 2649 Serapion
656 2559 912 2625 Alexandrinus
934 2559 1049 2625 abillo
1066 2562 1226 2628 inchoata
1248 2589 1326 2633 ma.

241 2682 265 2725 χ
279 2649 329 2736 gis
349 2644 531 2735 perfecisse
553 2646 717 2709 dicendus
740 2646 799 2729 sit,
823 2658 901 2735 post
923 2668 1008 2732 quos
1022 2647 1234 2716 Heraclides
1249 2653 1324 2718 Ta·

275 2736 449 2811 sentinus,
479 2738 640 2797 materies
660 2730 812 2796 medicae
834 2734 1025 2799 accuratius
1047 2736 1231 2803 tradendae
1252 2739 1323 2806 im.

276 2821 399 2910 primis
419 2820 584 2899 intentus,
606 2819 758 2883 scholam
783 2822 871 2883 hunc
894 2822 1047 2887 maxime
1069 2824 1268 2894 nobilitavit.

343 2906 479 2972 Novam
501 2917 536 2969 et
557 2906 821 2992 philosophandi
845 2906 887 2969 de
910 2924 948 2970 re
981 2906 1111 2972 medica
1144 2913 1323 2999 rationem,

278 3004 313 3077 et
333 2993 471 3058 morbos
499 2992 640 3056 sanandi
672 2996 782 3069 vium,
816 2990 933 3080 poullo
966 3005 1042 3078 post
1070 2995 1242 3081 ingressus
1271 3014 1324 3065 est

172 3134 174 3139 .
202 3114 211 3141 s
277 3078 503 3167 Asclepiades
516 3079 701 3166 Bithynus,
726 3076 934 3163 Cleophanti
949 3082 1105 3164 empirici
1124 3084 1322 3173 discipulus,

304 3168 340 3228 ui
362 3165 590 3231 Alexandriae
622 3174 655 3227 et
675 3162 822 3229 Athenis
846 3164 1055 3254 aliquantum
1080 3184 1319 3253 commoratus,

241 3311 245 3320 .
280 3188 429 3317 lumem
449 3253 538 3315 venit
565 3252 722 3327 Luculli,
757 3251 914 3341 Pompeii
937 3263 971 3316 et
990 3252 1166 3320 Ciceronis
1185 3269 1250 3322 tem
1279 3282 1322 3324 o·

279 3340 397 3418 ribns3
429 3339 487 3402 nbi
511 3359 616 3425 quum
645 3338 837 3416 doctrinae,
870 3361 972 3427 quam
1006 3362 1084 3427 prae
1117 3367 1152 3407 se
1182 3283 1321 3423 seruiet,

280 3429 448 3504 novitate,
476 3436 548 3488 tum
572 3427 787 3489 curationum
809 3422 901 3490 felici
922 3436 1068 3505 eventu,
1096 3431 1137 3493 ud
1162 3454 1215 3495 ma
1242 3455 1318 3498 nam

280 3513 462 3578 hominum
484 3511 609 3576 limam
630 3502 797 3598 profluxit
817 3521 851 3574 et
870 3513 1167 3593 existimationem,
1199 3455 1322 3606 licque

280 3609 394 3663 tamen
407 3599 541 3682 scriptis
559 3599 737 3662 clarissimi
756 3599 821 3662 viri
835 3610 969 3685 tempus
989 3608 1162 3752 pepercit,
1185 3603 1322 3686 acmo,

283 3687 418 3762 Plinio,
441 3682 598 3765 Galsuo,
621 3682 739 3750 Coelio
761 3685 967 3767 Aureliano,
1006 3701 1186 3774 requenter
1208 3692 1324 3756 landa·

255 3780 257 3787 '
282 3774 341 3852 tis,
370 3791 518 3858 quorum
541 3783 717 3836 auctorum
737 3774 938 3836 testimoniis
956 3796 1037 3838 usus
1058 3794 1170 3862 nuper
1193 3777 1253 3843 ca.
1277 3780 1322 3844 G.
1432 3846 1433 3849 ,

246 3861 519 3956 ,ιθιιιηρονίυῃ
556 3856 767 3944 Asclepiadis
800 3858 941 3945 Bithyni
971 3859 1326 3951 fragmentsdigessit
1432 3910 1433 3925 2

284 3944 454 4028 ediditque
477 3941 652 4008 Vimariae
678 3949 769 4032 ¹794·
788 3947 818 4011 8.
842 3987 885 4001 ·-
928 3945 1022 4012 inter
1043 3950 1193 4015 medicos
1212 3960 1325 4018 autem
1432 3942 1433 3949 ἵ

285 4031 366 4111 disci
394 4032 479 4095 linae
492 4031 563 4096 eius
574 4031 725 4097 addictos
743 4051 842 4096 nemo
859 4033 965 4120 megia
981 4035 1108 4101 eminet
1121 4035 1325 4105 tummim
1432 4086 1433 4093 κ

285 4053 505 4200 Laodiceae,
536 4116 821 4185 Methodieorum
849 4130 976 4203 sectae,
1014 4123 1326 4211 adogmsttcorun
1432 4116 1433 4179 ἶ
