<?xml version="1.0" encoding="UTF-8"?>
<!DOCTYPE html PUBLIC "-//W3C//DTD XHTML 1.0 Transitional//EN"
    "http://www.w3.org/TR/xhtml1/DTD/xhtml1-transitional.dtd">
<html xmlns="http://www.w3.org/1999/xhtml" xml:lang="en" lang="en">
 <head>
  <title>
</title>
<meta http-equiv="Content-Type" content="text/html;charset=utf-8" />
  <meta name='ocr-system' content='tesseract 3.04.00' />
  <meta name='ocr-capabilities' content='ocr_page ocr_carea ocr_par ocr_line ocrx_word'/>
</head>
<body>
  <div class='ocr_page' id='page_1' title='image "./initiahistoriae00grodgoog_0064.png"; bbox 0 0 2942 4875; ppageno 0'>
   <div class='ocr_carea' id='block_1_1' title="bbox 228 295 1044 368">
    <p class='ocr_par' dir='ltr' id='par_1_1' title="bbox 228 295 1044 368">
     <span class='ocr_line' id='line_1_1' title="bbox 228 295 1044 368; baseline 0 -8"><span class='ocrx_word' id='word_1_1' title='bbox 228 295 301 368; x_wconf 70' lang='lat'>52,</span> <span class='ocrx_word' id='word_1_2' title='bbox 466 311 831 364; x_wconf 78' lang='lat' dir='ltr'>nncnrnocnua</span> <span class='ocrx_word' id='word_1_3' title='bbox 861 311 1044 362; x_wconf 71' lang='lat' dir='ltr'>ennius</span> 
     </span>
    </p>
   </div>
   <div class='ocr_carea' id='block_1_2' title="bbox 214 468 1333 4028">
    <p class='ocr_par' dir='ltr' id='par_1_2' title="bbox 217 468 1274 2814">
     <span class='ocr_line' id='line_1_2' title="bbox 227 468 1274 558; baseline -0.004 -20"><span class='ocrx_word' id='word_1_4' title='bbox 227 474 265 538; x_wconf 85' lang='lat' dir='ltr'>in</span> <span class='ocrx_word' id='word_1_5' title='bbox 292 470 384 536; x_wconf 86' lang='lat' dir='ltr'>bello</span> <span class='ocrx_word' id='word_1_6' title='bbox 406 468 607 535; x_wconf 84' lang='lat' dir='ltr'>interfectus</span> <span class='ocrx_word' id='word_1_7' title='bbox 634 469 837 537; x_wconf 87' lang='lat' dir='ltr'>aCallonda</span> <span class='ocrx_word' id='word_1_8' title='bbox 858 470 1023 558; x_wconf 86' lang='lat' dir='ltr'>quodam,</span> <span class='ocrx_word' id='word_1_9' title='bbox 1047 491 1172 555; x_wconf 78' lang='lat' dir='ltr'>genere</span> <span class='ocrx_word' id='word_1_10' title='bbox 1197 471 1274 535; x_wconf 84' lang='lat' dir='ltr'>Na-</span> 
     </span>
     <span class='ocr_line' id='line_1_3' title="bbox 226 557 1272 645; baseline 0.001 -23"><span class='ocrx_word' id='word_1_11' title='bbox 226 560 306 634; x_wconf 79' lang='lat' dir='ltr'>xio,</span> <span class='ocrx_word' id='word_1_12' title='bbox 332 560 387 644; x_wconf 90' lang='lat' dir='ltr'>qui</span> <span class='ocrx_word' id='word_1_13' title='bbox 412 562 618 644; x_wconf 82' lang='lat' dir='ltr'><strong>cognomine</strong></span> <span class='ocrx_word' id='word_1_14' title='bbox 649 559 764 623; x_wconf 82' lang='lat' dir='ltr'>Corax</span> <span class='ocrx_word' id='word_1_15' title='bbox 791 559 977 622; x_wconf 83' lang='lat' dir='ltr'>vocabatur</span> <span class='ocrx_word' id='word_1_16' title='bbox 996 557 1101 645; x_wconf 84' lang='lat' dir='ltr'>(Plnt.</span> <span class='ocrx_word' id='word_1_17' title='bbox 1124 559 1272 625; x_wconf 68' lang='lat' dir='ltr'>&#39;thtt</span> 
     </span>
     <span class='ocr_line' id='line_1_4' title="bbox 226 644 1272 735; baseline 0.003 -27"><span class='ocrx_word' id='word_1_18' title='bbox 226 666 333 733; x_wconf 77' lang='lat' dir='ltr'>p.ar9</span> <span class='ocrx_word' id='word_1_19' title='bbox 346 647 645 734; x_wconf 81' lang='lat' dir='ltr'>sqq.).-Elegias</span> <span class='ocrx_word' id='word_1_20' title='bbox 656 645 860 710; x_wconf 88' lang='lat' dir='ltr'>Archilochi</span> <span class='ocrx_word' id='word_1_21' title='bbox 881 667 981 730; x_wconf 82' lang='lat' dir='ltr'>supra</span> <span class='ocrx_word' id='word_1_22' title='bbox 994 644 1126 709; x_wconf 82' lang='lat' dir='ltr'>landari</span> <span class='ocrx_word' id='word_1_23' title='bbox 1148 646 1185 735; x_wconf 66' lang='lat' dir='ltr'>(l.</span> <span class='ocrx_word' id='word_1_24' title='bbox 1205 646 1272 734; x_wconf 79' lang='lat'>32).</span> 
     </span>
     <span class='ocr_line' id='line_1_5' title="bbox 225 733 1272 820; baseline -0.005 -20"><span class='ocrx_word' id='word_1_25' title='bbox 225 733 366 816; x_wconf 57' lang='lat' dir='ltr'>Hymni</span> <span class='ocrx_word' id='word_1_26' title='bbox 386 739 457 795; x_wconf 86' lang='lat' dir='ltr'>eius</span> <span class='ocrx_word' id='word_1_27' title='bbox 479 733 581 820; x_wconf 90' lang='lat' dir='ltr'>lyrici</span> <span class='ocrx_word' id='word_1_28' title='bbox 601 735 669 796; x_wconf 91' lang='lat' dir='ltr'>dno</span> <span class='ocrx_word' id='word_1_29' title='bbox 691 733 903 797; x_wconf 80' lang='lat' dir='ltr'><strong>celeberrimi</strong></span> <span class='ocrx_word' id='word_1_30' title='bbox 922 746 1160 797; x_wconf 81' lang='lat' dir='ltr'>memorantur</span> <span class='ocrx_word' id='word_1_31' title='bbox 1179 744 1272 795; x_wconf 85' lang='lat' dir='ltr'>rete-</span> 
     </span>
     <span class='ocr_line' id='line_1_6' title="bbox 227 819 1272 905; baseline -0.002 -23"><span class='ocrx_word' id='word_1_32' title='bbox 227 820 341 895; x_wconf 83' lang='lat' dir='ltr'>rihns,</span> <span class='ocrx_word' id='word_1_33' title='bbox 364 819 450 882; x_wconf 83' lang='lat' dir='ltr'>alter</span> <span class='ocrx_word' id='word_1_34' title='bbox 475 821 510 882; x_wconf 89' lang='lat' dir='ltr'>in</span> <span class='ocrx_word' id='word_1_35' title='bbox 529 821 704 894; x_wconf 72' lang='lat' dir='ltr'>Cererem,</span> <span class='ocrx_word' id='word_1_36' title='bbox 739 821 915 905; x_wconf 84' lang='lat' dir='ltr'>quainter</span> <span class='ocrx_word' id='word_1_37' title='bbox 938 820 1075 894; x_wconf 90' lang='lat' dir='ltr'>Parios,</span> <span class='ocrx_word' id='word_1_38' title='bbox 1100 820 1189 884; x_wconf 81' lang='lat' dir='ltr'>cives</span> <span class='ocrx_word' id='word_1_39' title='bbox 1213 843 1272 881; x_wconf 89' lang='lat' dir='ltr'>su-</span> 
     </span>
     <span class='ocr_line' id='line_1_7' title="bbox 227 906 1272 993; baseline 0.001 -25"><span class='ocrx_word' id='word_1_40' title='bbox 227 927 282 982; x_wconf 80' lang='lat' dir='ltr'>os,</span> <span class='ocrx_word' id='word_1_41' title='bbox 306 906 395 990; x_wconf 72' lang='lat' dir='ltr'>apncl</span> <span class='ocrx_word' id='word_1_42' title='bbox 420 928 504 990; x_wconf 86' lang='lat' dir='ltr'>quos</span> <span class='ocrx_word' id='word_1_43' title='bbox 520 907 630 968; x_wconf 85' lang='lat' dir='ltr'>cultus</span> <span class='ocrx_word' id='word_1_44' title='bbox 643 907 778 971; x_wconf 84' lang='lat' dir='ltr'>Cereris</span> <span class='ocrx_word' id='word_1_45' title='bbox 801 913 984 993; x_wconf 81' lang='lat' dir='ltr'>praecipue</span> <span class='ocrx_word' id='word_1_46' title='bbox 1003 906 1128 989; x_wconf 70' lang='lat' dir='ltr'>viguit,</span> <span class='ocrx_word' id='word_1_47' title='bbox 1152 908 1272 969; x_wconf 84' lang='lat' dir='ltr'>vicisse</span> 
     </span>
     <span class='ocr_line' id='line_1_8' title="bbox 224 991 1272 1081; baseline -0.002 -24"><span class='ocrx_word' id='word_1_48' title='bbox 224 992 350 1057; x_wconf 90' lang='lat' dir='ltr'>dicitur</span> <span class='ocrx_word' id='word_1_49' title='bbox 371 992 553 1081; x_wconf 69' lang='lat' dir='ltr'>interpreti</span> <span class='ocrx_word' id='word_1_50' title='bbox 565 993 697 1058; x_wconf 88' lang='lat' dir='ltr'>Graeco</span> <span class='ocrx_word' id='word_1_51' title='bbox 711 995 836 1061; x_wconf 86' lang='lat' dir='ltr'>Avium</span> <span class='ocrx_word' id='word_1_52' title='bbox 847 992 1091 1078; x_wconf 74' lang='lat' dir='ltr'>Aristophanis</span> <span class='ocrx_word' id='word_1_53' title='bbox 1113 1016 1146 1062; x_wconf 72' lang='lat' dir='ltr'>v.</span> <span class='ocrx_word' id='word_1_54' title='bbox 1166 991 1272 1078; x_wconf 72' lang='lat'>17623</span> 
     </span>
     <span class='ocr_line' id='line_1_9' title="bbox 224 1078 1272 1170; baseline -0.001 -28"><span class='ocrx_word' id='word_1_55' title='bbox 224 1079 352 1142; x_wconf 72' lang='lat' dir='ltr'>alteria</span> <span class='ocrx_word' id='word_1_56' title='bbox 366 1080 565 1154; x_wconf 73' lang='lat' dir='ltr'>Herculem,</span> <span class='ocrx_word' id='word_1_57' title='bbox 574 1078 759 1170; x_wconf 85' lang='lat' dir='ltr'>Olympiae</span> <span class='ocrx_word' id='word_1_58' title='bbox 769 1082 803 1144; x_wconf 93' lang='lat' dir='ltr'>in</span> <span class='ocrx_word' id='word_1_59' title='bbox 811 1102 933 1168; x_wconf 85' lang='lat' dir='ltr'>pompa</span> <span class='ocrx_word' id='word_1_60' title='bbox 946 1083 1082 1144; x_wconf 83' lang='lat' dir='ltr'>victoris</span> <span class='ocrx_word' id='word_1_61' title='bbox 1094 1083 1198 1143; x_wconf 81' lang='lat' dir='ltr'>acciui</span> <span class='ocrx_word' id='word_1_62' title='bbox 1213 1103 1272 1142; x_wconf 84' lang='lat' dir='ltr'>so-</span> 
     </span>
     <span class='ocr_line' id='line_1_10' title="bbox 223 1159 1270 1256; baseline 0 -28"><span class='ocrx_word' id='word_1_63' title='bbox 223 1164 321 1242; x_wconf 87' lang='lat' dir='ltr'>litos,</span> <span class='ocrx_word' id='word_1_64' title='bbox 352 1173 448 1229; x_wconf 88' lang='lat' dir='ltr'>cuins</span> <span class='ocrx_word' id='word_1_65' title='bbox 474 1169 611 1231; x_wconf 85' lang='lat' dir='ltr'>initium</span> <span class='ocrx_word' id='word_1_66' title='bbox 646 1169 720 1256; x_wconf 85' lang='lat' dir='ltr'>ipse</span> <span class='ocrx_word' id='word_1_67' title='bbox 752 1169 921 1232; x_wconf 83' lang='lat' dir='ltr'>Pindarus</span> <span class='ocrx_word' id='word_1_68' title='bbox 954 1159 1114 1230; x_wconf 75' lang='lat' dir='ltr'>carminis</span> <span class='ocrx_word' id='word_1_69' title='bbox 1141 1165 1270 1252; x_wconf 82' lang='lat' dir='ltr'>Olym-</span> 
     </span>
     <span class='ocr_line' id='line_1_11' title="bbox 249 1253 1272 1334; baseline 0.003 -22"><span class='ocrx_word' id='word_1_70' title='bbox 249 1253 294 1314; x_wconf 89' lang='lat' dir='ltr'>ici</span> <span class='ocrx_word' id='word_1_71' title='bbox 314 1253 375 1316; x_wconf 82' lang='lat' dir='ltr'>tx.</span> <span class='ocrx_word' id='word_1_72' title='bbox 396 1254 541 1319; x_wconf 82' lang='lat' dir='ltr'>exordio</span> <span class='ocrx_word' id='word_1_73' title='bbox 556 1256 720 1334; x_wconf 79' lang='lat' dir='ltr'>intexuit,</span> <span class='ocrx_word' id='word_1_74' title='bbox 747 1255 807 1317; x_wconf 91' lang='lat' dir='ltr'>ubi</span> <span class='ocrx_word' id='word_1_75' title='bbox 830 1255 907 1320; x_wconf 87' lang='lat' dir='ltr'>vide</span> <span class='ocrx_word' id='word_1_76' title='bbox 931 1253 1046 1318; x_wconf 73' lang='lat' dir='ltr'>Schol,</span> <span class='ocrx_word' id='word_1_77' title='bbox 1068 1266 1100 1316; x_wconf 86' lang='lat' dir='ltr'>ot</span> <span class='ocrx_word' id='word_1_78' title='bbox 1119 1254 1272 1318; x_wconf 80' lang='lat' dir='ltr'>Liebelii</span> 
     </span>
     <span class='ocr_line' id='line_1_12' title="bbox 223 1272 1270 1429; baseline 0 -27"><span class='ocrx_word' id='word_1_79' title='bbox 223 1272 381 1408; x_wconf 83' lang='lat' dir='ltr'>libellum</span> <span class='ocrx_word' id='word_1_80' title='bbox 408 1363 492 1403; x_wconf 82' lang='lat' dir='ltr'>mox</span> <span class='ocrx_word' id='word_1_81' title='bbox 518 1343 858 1408; x_wconf 84' lang='lat' dir='ltr'>commemorandum</span> <span class='ocrx_word' id='word_1_82' title='bbox 887 1343 1077 1429; x_wconf 80' lang='lat' dir='ltr'>p.178sqq.</span> <span class='ocrx_word' id='word_1_83' title='bbox 1124 1340 1270 1428; x_wconf 76' lang='lat' dir='ltr'>Epodo·</span> 
     </span>
     <span class='ocr_line' id='line_1_13' title="bbox 223 1428 1269 1518; baseline -0.006 -24"><span class='ocrx_word' id='word_1_84' title='bbox 223 1447 302 1494; x_wconf 79' lang='lat' dir='ltr'>rum</span> <span class='ocrx_word' id='word_1_85' title='bbox 324 1428 345 1490; x_wconf 85' lang='lat' dir='ltr'>i.</span> <span class='ocrx_word' id='word_1_86' title='bbox 360 1447 391 1490; x_wconf 80' lang='lat' dir='ltr'>e.</span> <span class='ocrx_word' id='word_1_87' title='bbox 411 1430 618 1507; x_wconf 88' lang='lat' dir='ltr'>carminum,</span> <span class='ocrx_word' id='word_1_88' title='bbox 641 1431 675 1491; x_wconf 94' lang='lat' dir='ltr'>in</span> <span class='ocrx_word' id='word_1_89' title='bbox 698 1430 820 1518; x_wconf 86' lang='lat' dir='ltr'>quibus</span> <span class='ocrx_word' id='word_1_90' title='bbox 841 1429 983 1514; x_wconf 85' lang='lat' dir='ltr'>singulis</span> <span class='ocrx_word' id='word_1_91' title='bbox 1004 1428 1156 1490; x_wconf 87' lang='lat' dir='ltr'>versibus</span> <span class='ocrx_word' id='word_1_92' title='bbox 1178 1428 1269 1489; x_wconf 86' lang='lat' dir='ltr'>iute-</span> 
     </span>
     <span class='ocr_line' id='line_1_14' title="bbox 222 1509 1269 1600; baseline 0.001 -27"><span class='ocrx_word' id='word_1_93' title='bbox 222 1515 293 1600; x_wconf 85' lang='lat' dir='ltr'>gris</span> <span class='ocrx_word' id='word_1_94' title='bbox 317 1525 350 1578; x_wconf 90' lang='lat' dir='ltr'>et</span> <span class='ocrx_word' id='word_1_95' title='bbox 369 1512 529 1600; x_wconf 79' lang='lat' dir='ltr'>legitimis</span> <span class='ocrx_word' id='word_1_96' title='bbox 553 1516 639 1579; x_wconf 89' lang='lat' dir='ltr'>alter</span> <span class='ocrx_word' id='word_1_97' title='bbox 662 1518 801 1581; x_wconf 82' lang='lat' dir='ltr'>brevior</span> <span class='ocrx_word' id='word_1_98' title='bbox 825 1509 1022 1590; x_wconf 75' lang='lat' dir='ltr'>subiicitur,</span> <span class='ocrx_word' id='word_1_99' title='bbox 1044 1525 1077 1576; x_wconf 84' lang='lat' dir='ltr'>ot</span> <span class='ocrx_word' id='word_1_100' title='bbox 1095 1514 1189 1598; x_wconf 88' lang='lat' dir='ltr'>quasi</span> <span class='ocrx_word' id='word_1_101' title='bbox 1211 1534 1269 1575; x_wconf 89' lang='lat' dir='ltr'>ac-</span> 
     </span>
     <span class='ocr_line' id='line_1_15' title="bbox 224 1599 1268 1689; baseline -0.002 -25"><span class='ocrx_word' id='word_1_102' title='bbox 224 1601 368 1678; x_wconf 84' lang='lat' dir='ltr'>cinitur,</span> <span class='ocrx_word' id='word_1_103' title='bbox 391 1600 573 1678; x_wconf 62' lang='lat' dir='ltr'>radietas,</span> <span class='ocrx_word' id='word_1_104' title='bbox 596 1603 651 1667; x_wconf 82' lang='lat' dir='ltr'>rel</span> <span class='ocrx_word' id='word_1_105' title='bbox 672 1606 832 1668; x_wconf 82' lang='lat' dir='ltr'>inventor</span> <span class='ocrx_word' id='word_1_106' title='bbox 851 1603 1007 1689; x_wconf 83' lang='lat' dir='ltr'>proditur</span> <span class='ocrx_word' id='word_1_107' title='bbox 1029 1599 1212 1666; x_wconf 85' lang='lat' dir='ltr'>Plutarcho</span> <span class='ocrx_word' id='word_1_108' title='bbox 1227 1599 1268 1663; x_wconf 79' lang='lat' dir='ltr'>ds</span> 
     </span>
     <span class='ocr_line' id='line_1_16' title="bbox 221 1669 1268 1777; baseline -0.001 -26"><span class='ocrx_word' id='word_1_109' title='bbox 221 1686 376 1765; x_wconf 83' lang='lat' dir='ltr'>Musica,</span> <span class='ocrx_word' id='word_1_110' title='bbox 397 1669 619 1754; x_wconf 70' lang='lat' dir='ltr'>etVictorino</span> <span class='ocrx_word' id='word_1_111' title='bbox 632 1690 867 1754; x_wconf 76' lang='lat' dir='ltr'>Grammatico</span> <span class='ocrx_word' id='word_1_112' title='bbox 887 1712 920 1777; x_wconf 93' lang='lat' dir='ltr'>p.</span> <span class='ocrx_word' id='word_1_113' title='bbox 936 1690 1026 1754; x_wconf 77' lang='lat'>1251.</span> <span class='ocrx_word' id='word_1_114' title='bbox 1072 1687 1141 1765; x_wconf 86' lang='lat' dir='ltr'>Qui</span> <span class='ocrx_word' id='word_1_115' title='bbox 1152 1687 1268 1773; x_wconf 77' lang='lat' dir='ltr'>quales</span> 
     </span>
     <span class='ocr_line' id='line_1_17' title="bbox 222 1772 1268 1863; baseline -0.002 -25"><span class='ocrx_word' id='word_1_116' title='bbox 222 1772 374 1852; x_wconf 81' lang='lat' dir='ltr'>fuerint,</span> <span class='ocrx_word' id='word_1_117' title='bbox 402 1797 447 1839; x_wconf 87' lang='lat' dir='ltr'>ex</span> <span class='ocrx_word' id='word_1_118' title='bbox 466 1775 604 1838; x_wconf 87' lang='lat' dir='ltr'>Horatii</span> <span class='ocrx_word' id='word_1_119' title='bbox 624 1775 932 1863; x_wconf 76' lang='lat' dir='ltr'>llpodiscognosci</span> <span class='ocrx_word' id='word_1_120' title='bbox 957 1776 1047 1837; x_wconf 67' lang='lat' dir='ltr'>licet,</span> <span class='ocrx_word' id='word_1_121' title='bbox 1071 1774 1268 1861; x_wconf 75' lang='lat' dir='ltr'>Epigram-</span> 
     </span>
     <span class='ocr_line' id='line_1_18' title="bbox 221 1859 1262 1947; baseline -0.004 -20"><span class='ocrx_word' id='word_1_122' title='bbox 221 1874 359 1927; x_wconf 84' lang='lat' dir='ltr'>matum</span> <span class='ocrx_word' id='word_1_123' title='bbox 378 1883 541 1945; x_wconf 79' lang='lat' dir='ltr'>magnum</span> <span class='ocrx_word' id='word_1_124' title='bbox 561 1883 745 1926; x_wconf 87' lang='lat' dir='ltr'>numerum</span> <span class='ocrx_word' id='word_1_125' title='bbox 768 1863 963 1947; x_wconf 80' lang='lat' dir='ltr'>reliquisse,</span> <span class='ocrx_word' id='word_1_126' title='bbox 992 1859 1158 1946; x_wconf 87' lang='lat' dir='ltr'>significat</span> <span class='ocrx_word' id='word_1_127' title='bbox 1178 1859 1262 1923; x_wconf 82' lang='lat' dir='ltr'>Me-</span> 
     </span>
     <span class='ocr_line' id='line_1_19' title="bbox 223 1942 1267 2030; baseline -0.001 -16"><span class='ocrx_word' id='word_1_128' title='bbox 223 1949 278 2014; x_wconf 78' lang='lat' dir='ltr'>tea</span> <span class='ocrx_word' id='word_1_129' title='bbox 306 1942 360 2024; x_wconf 74' lang='lat' dir='ltr'>er,</span> <span class='ocrx_word' id='word_1_130' title='bbox 383 1947 615 2030; x_wconf 85' lang='lat' dir='ltr'>Anthologiae</span> <span class='ocrx_word' id='word_1_131' title='bbox 634 1949 812 2024; x_wconf 91' lang='lat' dir='ltr'>conditor,</span> <span class='ocrx_word' id='word_1_132' title='bbox 829 1949 865 2011; x_wconf 90' lang='lat' dir='ltr'>in</span> <span class='ocrx_word' id='word_1_133' title='bbox 885 1954 1036 2011; x_wconf 84' lang='lat' dir='ltr'>carmine</span> <span class='ocrx_word' id='word_1_134' title='bbox 1051 1946 1093 2009; x_wconf 87' lang='lat' dir='ltr'>ad</span> <span class='ocrx_word' id='word_1_135' title='bbox 1106 1947 1267 2013; x_wconf 86' lang='lat' dir='ltr'>Dioclem</span> 
     </span>
     <span class='ocr_line' id='line_1_20' title="bbox 222 1973 1266 2122; baseline -0.003 -22"><span class='ocrx_word' id='word_1_136' title='bbox 222 2057 256 2100; x_wconf 80' lang='lat' dir='ltr'>v.</span> <span class='ocrx_word' id='word_1_137' title='bbox 275 1973 378 2122; x_wconf 52' lang='grc' dir='ltr'>ξμς.</span> <span class='ocrx_word' id='word_1_138' title='bbox 402 2033 495 2096; x_wconf 85' lang='lat' dir='ltr'>inter</span> <span class='ocrx_word' id='word_1_139' title='bbox 514 2034 708 2101; x_wconf 82' lang='lat' dir='ltr'>Scoliornm</span> <span class='ocrx_word' id='word_1_140' title='bbox 721 2036 823 2098; x_wconf 87' lang='lat' dir='ltr'>etiam</span> <span class='ocrx_word' id='word_1_141' title='bbox 840 2044 995 2098; x_wconf 83' lang='lat' dir='ltr'>auctores</span> <span class='ocrx_word' id='word_1_142' title='bbox 1015 2032 1174 2096; x_wconf 70' lang='lat' dir='ltr'>refertur,</span> <span class='ocrx_word' id='word_1_143' title='bbox 1188 2032 1226 2097; x_wconf 86' lang='lat' dir='ltr'><em>F</em></span> <span class='ocrx_word' id='word_1_144' title='bbox 1225 2058 1266 2097; x_wconf 84' lang='lat' dir='ltr'>a·</span> 
     </span>
     <span class='ocr_line' id='line_1_21' title="bbox 221 2118 1274 2205; baseline -0.008 -19"><span class='ocrx_word' id='word_1_145' title='bbox 221 2120 322 2188; x_wconf 75' lang='lat' dir='ltr'>bulae</span> <span class='ocrx_word' id='word_1_146' title='bbox 350 2130 483 2199; x_wconf 87' lang='lat' dir='ltr'>autem,</span> <span class='ocrx_word' id='word_1_147' title='bbox 506 2143 652 2205; x_wconf 82' lang='lat' dir='ltr'>querum</span> <span class='ocrx_word' id='word_1_148' title='bbox 678 2121 843 2186; x_wconf 89' lang='lat' dir='ltr'>nonnulla</span> <span class='ocrx_word' id='word_1_149' title='bbox 868 2118 1057 2205; x_wconf 81' lang='lat' dir='ltr'>fragmenta</span> <span class='ocrx_word' id='word_1_150' title='bbox 1078 2119 1192 2182; x_wconf 88' lang='lat' dir='ltr'>adhuc</span> <span class='ocrx_word' id='word_1_151' title='bbox 1210 2120 1274 2182; x_wconf 85' lang='lat' dir='ltr'>le-.</span> 
     </span>
     <span class='ocr_line' id='line_1_22' title="bbox 220 2205 1268 2298; baseline 0.003 -32"><span class='ocrx_word' id='word_1_152' title='bbox 220 2216 366 2294; x_wconf 78' lang='lat' dir='ltr'>guntur,</span> <span class='ocrx_word' id='word_1_153' title='bbox 390 2216 423 2269; x_wconf 88' lang='lat' dir='ltr'>et</span> <span class='ocrx_word' id='word_1_154' title='bbox 437 2205 599 2295; x_wconf 83' lang='lat' dir='ltr'>frequens</span> <span class='ocrx_word' id='word_1_155' title='bbox 617 2208 708 2298; x_wconf 87' lang='lat' dir='ltr'>apud</span> <span class='ocrx_word' id='word_1_156' title='bbox 728 2221 855 2273; x_wconf 78' lang='lat' dir='ltr'>veteres</span> <span class='ocrx_word' id='word_1_157' title='bbox 866 2214 995 2271; x_wconf 86' lang='lat' dir='ltr'>mentio</span> <span class='ocrx_word' id='word_1_158' title='bbox 1008 2206 1173 2284; x_wconf 80' lang='lat' dir='ltr'>infertur,</span> <span class='ocrx_word' id='word_1_159' title='bbox 1196 2227 1268 2269; x_wconf 89' lang='lat' dir='ltr'>nou</span> 
     </span>
     <span class='ocr_line' id='line_1_23' title="bbox 219 2291 1267 2382; baseline -0.002 -26"><span class='ocrx_word' id='word_1_160' title='bbox 219 2303 260 2356; x_wconf 87' lang='lat' dir='ltr'>ut</span> <span class='ocrx_word' id='word_1_161' title='bbox 284 2291 475 2377; x_wconf 82' lang='lat' dir='ltr'>legitimum</span> <span class='ocrx_word' id='word_1_162' title='bbox 504 2317 589 2382; x_wconf 88' lang='lat' dir='ltr'>opus</span> <span class='ocrx_word' id='word_1_163' title='bbox 613 2295 775 2375; x_wconf 84' lang='lat' dir='ltr'>edidisse,</span> <span class='ocrx_word' id='word_1_164' title='bbox 807 2297 887 2374; x_wconf 88' lang='lat' dir='ltr'>sed,</span> <span class='ocrx_word' id='word_1_165' title='bbox 920 2293 1063 2357; x_wconf 86' lang='lat' dir='ltr'>Hesiodi</span> <span class='ocrx_word' id='word_1_166' title='bbox 1095 2293 1267 2382; x_wconf 83' lang='lat' dir='ltr'>exemplo,</span> 
     </span>
     <span class='ocr_line' id='line_1_24' title="bbox 220 2377 1267 2471; baseline -0.004 -24"><span class='ocrx_word' id='word_1_167' title='bbox 220 2381 294 2447; x_wconf 81' lang='lat' dir='ltr'>stas</span> <span class='ocrx_word' id='word_1_168' title='bbox 313 2379 541 2461; x_wconf 81' lang='lat' dir='ltr'>carminibus,</span> <span class='ocrx_word' id='word_1_169' title='bbox 577 2385 698 2448; x_wconf 90' lang='lat' dir='ltr'>iambis</span> <span class='ocrx_word' id='word_1_170' title='bbox 731 2393 815 2471; x_wconf 87' lang='lat' dir='ltr'>puta</span> <span class='ocrx_word' id='word_1_171' title='bbox 855 2394 888 2446; x_wconf 87' lang='lat' dir='ltr'>et</span> <span class='ocrx_word' id='word_1_172' title='bbox 908 2377 1043 2468; x_wconf 88' lang='lat' dir='ltr'>epodis,</span> <span class='ocrx_word' id='word_1_173' title='bbox 1077 2401 1094 2442; x_wconf 87' lang='lat' dir='ltr'>u</span> <span class='ocrx_word' id='word_1_174' title='bbox 1124 2391 1156 2443; x_wconf 87' lang='lat' dir='ltr'>te</span> <span class='ocrx_word' id='word_1_175' title='bbox 1175 2381 1267 2444; x_wconf 85' lang='lat' dir='ltr'>iute-</span> 
     </span>
     <span class='ocr_line' id='line_1_25' title="bbox 219 2466 1267 2556; baseline -0.008 -23"><span class='ocrx_word' id='word_1_176' title='bbox 219 2468 335 2533; x_wconf 78' lang='lat' dir='ltr'>xuisse</span> <span class='ocrx_word' id='word_1_177' title='bbox 356 2468 501 2532; x_wconf 81' lang='lat' dir='ltr'>videtur.</span> <span class='ocrx_word' id='word_1_178' title='bbox 532 2466 575 2534; x_wconf 86' lang='lat' dir='ltr'>cf.</span> <span class='ocrx_word' id='word_1_179' title='bbox 599 2470 720 2535; x_wconf 84' lang='lat' dir='ltr'>Iulian.</span> <span class='ocrx_word' id='word_1_180' title='bbox 735 2467 831 2534; x_wconf 85' lang='lat' dir='ltr'>Orat.</span> <span class='ocrx_word' id='word_1_181' title='bbox 854 2469 931 2532; x_wconf 86' lang='lat' dir='ltr'>vlt.</span> <span class='ocrx_word' id='word_1_182' title='bbox 953 2487 1061 2556; x_wconf 70' lang='lat' dir='ltr'>pocy</span> <span class='ocrx_word' id='word_1_183' title='bbox 1110 2468 1267 2531; x_wconf 80' lang='lat' dir='ltr'>.Liobe.</span> 
     </span>
     <span class='ocr_line' id='line_1_26' title="bbox 218 2551 1267 2643; baseline 0 -25"><span class='ocrx_word' id='word_1_184' title='bbox 218 2554 256 2618; x_wconf 89' lang='lat' dir='ltr'>lii</span> <span class='ocrx_word' id='word_1_185' title='bbox 276 2551 409 2638; x_wconf 84' lang='lat' dir='ltr'>Fragm.</span> <span class='ocrx_word' id='word_1_186' title='bbox 433 2556 639 2621; x_wconf 82' lang='lat' dir='ltr'>Archilochi</span> <span class='ocrx_word' id='word_1_187' title='bbox 663 2560 827 2643; x_wconf 72' lang='lat' dir='ltr'>pllsqq.</span> <span class='ocrx_word' id='word_1_188' title='bbox 882 2556 1040 2640; x_wconf 85' lang='lat' dir='ltr'>Denique</span> <span class='ocrx_word' id='word_1_189' title='bbox 1065 2555 1267 2618; x_wconf 83' lang='lat' dir='ltr'>innumere-</span> 
     </span>
     <span class='ocr_line' id='line_1_27' title="bbox 217 2640 1265 2736; baseline 0 -34"><span class='ocrx_word' id='word_1_190' title='bbox 217 2640 302 2709; x_wconf 85' lang='lat' dir='ltr'>biles</span> <span class='ocrx_word' id='word_1_191' title='bbox 321 2654 513 2707; x_wconf 85' lang='lat' dir='ltr'>metrorum</span> <span class='ocrx_word' id='word_1_192' title='bbox 543 2642 768 2736; x_wconf 84' lang='lat' dir='ltr'>rhythmique</span> <span class='ocrx_word' id='word_1_193' title='bbox 799 2642 927 2730; x_wconf 87' lang='lat' dir='ltr'>species</span> <span class='ocrx_word' id='word_1_194' title='bbox 951 2656 984 2704; x_wconf 89' lang='lat' dir='ltr'>et</span> <span class='ocrx_word' id='word_1_195' title='bbox 1005 2662 1148 2726; x_wconf 85' lang='lat' dir='ltr'>genera,</span> <span class='ocrx_word' id='word_1_196' title='bbox 1178 2660 1265 2727; x_wconf 84' lang='lat' dir='ltr'>quae</span> 
     </span>
     <span class='ocr_line' id='line_1_28' title="bbox 217 2724 1267 2814; baseline -0.001 -23"><span class='ocrx_word' id='word_1_197' title='bbox 217 2727 390 2791; x_wconf 82' lang='lat' dir='ltr'>invenisse</span> <span class='ocrx_word' id='word_1_198' title='bbox 427 2728 553 2793; x_wconf 87' lang='lat' dir='ltr'>dicit&#39;ur</span> <span class='ocrx_word' id='word_1_199' title='bbox 584 2731 842 2807; x_wconf 87' lang='lat' dir='ltr'>Grammaticis,</span> <span class='ocrx_word' id='word_1_200' title='bbox 862 2738 867 2747; x_wconf 86' lang='grc'><strong>“</strong></span> <span class='ocrx_word' id='word_1_201' title='bbox 886 2750 1038 2814; x_wconf 86' lang='lat' dir='ltr'>quaeque</span> <span class='ocrx_word' id='word_1_202' title='bbox 1078 2724 1160 2790; x_wconf 90' lang='lat' dir='ltr'>hinc</span> <span class='ocrx_word' id='word_1_203' title='bbox 1203 2749 1267 2813; x_wconf 87' lang='lat' dir='ltr'>ap-</span> 
     </span>
    </p>

    <p class='ocr_par' dir='ltr' id='par_1_3' title="bbox 214 2812 1333 4028">
     <span class='ocr_line' id='line_1_29' title="bbox 244 2812 1267 2903; baseline 0.002 -28"><span class='ocrx_word' id='word_1_204' title='bbox 244 2813 389 2879; x_wconf 85' lang='lat' dir='ltr'>ellantur</span> <span class='ocrx_word' id='word_1_205' title='bbox 421 2816 667 2892; x_wconf 80' lang='lat' dir='ltr'>Archilochio,</span> <span class='ocrx_word' id='word_1_206' title='bbox 704 2819 779 2903; x_wconf 85' lang='lat' dir='ltr'>quis</span> <span class='ocrx_word' id='word_1_207' title='bbox 814 2816 976 2900; x_wconf 80' lang='lat' dir='ltr'>ignorat?</span> <span class='ocrx_word' id='word_1_208' title='bbox 1019 2812 1100 2879; x_wconf 87' lang='lat' dir='ltr'>vid.</span> <span class='ocrx_word' id='word_1_209' title='bbox 1137 2813 1267 2877; x_wconf 88' lang='lat' dir='ltr'>Liebe-</span> 
     </span>
     <span class='ocr_line' id='line_1_30' title="bbox 216 2834 1266 2989; baseline 0 -24"><span class='ocrx_word' id='word_1_210' title='bbox 216 2834 323 2967; x_wconf 83' lang='lat' dir='ltr'>liusl.</span> <span class='ocrx_word' id='word_1_211' title='bbox 341 2901 541 2989; x_wconf 78' lang='lat' dir='ltr'>l.p.23-37.</span> <span class='ocrx_word' id='word_1_212' title='bbox 586 2904 627 2968; x_wconf 88' lang='lat' dir='ltr'>ln</span> <span class='ocrx_word' id='word_1_213' title='bbox 645 2903 699 2967; x_wconf 87' lang='lat' dir='ltr'>his</span> <span class='ocrx_word' id='word_1_214' title='bbox 725 2914 776 2966; x_wconf 90' lang='lat' dir='ltr'>tot</span> <span class='ocrx_word' id='word_1_215' title='bbox 807 2912 944 2988; x_wconf 87' lang='lat' dir='ltr'>tamque</span> <span class='ocrx_word' id='word_1_216' title='bbox 975 2900 1116 2965; x_wconf 82' lang='lat' dir='ltr'>diversis</span> <span class='ocrx_word' id='word_1_217' title='bbox 1141 2899 1266 2965; x_wconf 86' lang='lat' dir='ltr'>fecun-</span> 
     </span>
     <span class='ocr_line' id='line_1_31' title="bbox 218 2985 1265 3077; baseline 0.003 -28"><span class='ocrx_word' id='word_1_218' title='bbox 218 2985 421 3072; x_wconf 86' lang='lat' dir='ltr'>dl·pectoris</span> <span class='ocrx_word' id='word_1_219' title='bbox 440 2998 538 3073; x_wconf 86' lang='lat' dir='ltr'>etque</span> <span class='ocrx_word' id='word_1_220' title='bbox 561 2990 691 3076; x_wconf 86' lang='lat' dir='ltr'>ingenii</span> <span class='ocrx_word' id='word_1_221' title='bbox 710 2988 838 3077; x_wconf 90' lang='lat' dir='ltr'>copiis,</span> <span class='ocrx_word' id='word_1_222' title='bbox 860 2988 1012 3051; x_wconf 77' lang='lat' dir='ltr'>maxima</span> <span class='ocrx_word' id='word_1_223' title='bbox 1030 2997 1145 3049; x_wconf 87' lang='lat' dir='ltr'>temen</span> <span class='ocrx_word' id='word_1_224' title='bbox 1164 2987 1265 3052; x_wconf 82' lang='lat' dir='ltr'>Iam-</span> 
     </span>
     <span class='ocr_line' id='line_1_32' title="bbox 217 3072 1263 3164; baseline -0.007 -22"><span class='ocrx_word' id='word_1_225' title='bbox 217 3073 342 3142; x_wconf 80' lang='lat' dir='ltr'>borum</span> <span class='ocrx_word' id='word_1_226' title='bbox 366 3072 569 3139; x_wconf 88' lang='lat' dir='ltr'>Archilochi</span> <span class='ocrx_word' id='word_1_227' title='bbox 614 3077 704 3140; x_wconf 84' lang='lat' dir='ltr'>lama</span> <span class='ocrx_word' id='word_1_228' title='bbox 737 3075 969 3164; x_wconf 71' lang='lat' dir='ltr'>percrebruit,</span> <span class='ocrx_word' id='word_1_229' title='bbox 1005 3072 1130 3138; x_wconf 86' lang='lat' dir='ltr'>samam</span> <span class='ocrx_word' id='word_1_230' title='bbox 1167 3072 1263 3150; x_wconf 90' lang='lat' dir='ltr'>dico,</span> 
     </span>
     <span class='ocr_line' id='line_1_33' title="bbox 216 3164 1263 3248; baseline -0.001 -25"><span class='ocrx_word' id='word_1_231' title='bbox 216 3182 297 3229; x_wconf 88' lang='lat' dir='ltr'>nam</span> <span class='ocrx_word' id='word_1_232' title='bbox 315 3167 388 3248; x_wconf 85' lang='lat' dir='ltr'>ipsa</span> <span class='ocrx_word' id='word_1_233' title='bbox 410 3168 562 3225; x_wconf 82' lang='lat' dir='ltr'>carmine</span> <span class='ocrx_word' id='word_1_234' title='bbox 582 3164 713 3227; x_wconf 90' lang='lat' dir='ltr'>dudum</span> <span class='ocrx_word' id='word_1_235' title='bbox 734 3166 913 3240; x_wconf 89' lang='lat' dir='ltr'>interiere,</span> <span class='ocrx_word' id='word_1_236' title='bbox 941 3182 1020 3236; x_wconf 87' lang='lat' dir='ltr'>nec,</span> <span class='ocrx_word' id='word_1_237' title='bbox 1037 3169 1171 3244; x_wconf 83' lang='lat' dir='ltr'>praeter</span> <span class='ocrx_word' id='word_1_238' title='bbox 1189 3167 1263 3222; x_wconf 87' lang='lat' dir='ltr'>sin-</span> 
     </span>
     <span class='ocr_line' id='line_1_34' title="bbox 216 3247 1262 3337; baseline 0 -28"><span class='ocrx_word' id='word_1_239' title='bbox 216 3247 314 3332; x_wconf 84' lang='lat' dir='ltr'>gulas</span> <span class='ocrx_word' id='word_1_240' title='bbox 331 3268 432 3311; x_wconf 86' lang='lat' dir='ltr'>voces</span> <span class='ocrx_word' id='word_1_241' title='bbox 453 3260 487 3321; x_wconf 78' lang='lat' dir='ltr'>et</span> <span class='ocrx_word' id='word_1_242' title='bbox 498 3249 692 3314; x_wconf 87' lang='lat' dir='ltr'>iamborum</span> <span class='ocrx_word' id='word_1_243' title='bbox 711 3260 971 3337; x_wconf 89' lang='lat' dir='ltr'>ceterorumque</span> <span class='ocrx_word' id='word_1_244' title='bbox 982 3247 1172 3310; x_wconf 77' lang='lat' dir='ltr'>carmInum</span> <span class='ocrx_word' id='word_1_245' title='bbox 1189 3247 1262 3309; x_wconf 82' lang='lat' dir='ltr'>eius</span> 
     </span>
     <span class='ocr_line' id='line_1_35' title="bbox 217 3333 1263 3422; baseline -0.004 -22"><span class='ocrx_word' id='word_1_246' title='bbox 217 3338 411 3419; x_wconf 81' lang='lat' dir='ltr'>fragmenta</span> <span class='ocrx_word' id='word_1_247' title='bbox 435 3336 513 3399; x_wconf 85' lang='lat' dir='ltr'>satis</span> <span class='ocrx_word' id='word_1_248' title='bbox 534 3337 675 3422; x_wconf 88' lang='lat' dir='ltr'>quidem</span> <span class='ocrx_word' id='word_1_249' title='bbox 699 3358 902 3409; x_wconf 86' lang='lat' dir='ltr'>numerosa,</span> <span class='ocrx_word' id='word_1_250' title='bbox 926 3333 985 3396; x_wconf 92' lang='lat' dir='ltr'>sed</span> <span class='ocrx_word' id='word_1_251' title='bbox 1011 3334 1194 3396; x_wconf 84' lang='lat' dir='ltr'>maximam</span> <span class='ocrx_word' id='word_1_252' title='bbox 1208 3345 1263 3396; x_wconf 81' lang='lat' dir='ltr'>ta-</span> 
     </span>
     <span class='ocr_line' id='line_1_36' title="bbox 214 3420 1262 3515; baseline -0.003 -32"><span class='ocrx_word' id='word_1_253' title='bbox 214 3444 295 3495; x_wconf 84' lang='lat' dir='ltr'>men</span> <span class='ocrx_word' id='word_1_254' title='bbox 322 3433 456 3515; x_wconf 85' lang='lat' dir='ltr'>partem</span> <span class='ocrx_word' id='word_1_255' title='bbox 474 3420 693 3499; x_wconf 82' lang='lat' dir='ltr'>brevissima,</span> <span class='ocrx_word' id='word_1_256' title='bbox 716 3426 754 3486; x_wconf 91' lang='lat' dir='ltr'>in</span> <span class='ocrx_word' id='word_1_257' title='bbox 771 3434 925 3486; x_wconf 83' lang='lat' dir='ltr'>veterum</span> <span class='ocrx_word' id='word_1_258' title='bbox 949 3421 1155 3508; x_wconf 85' lang='lat' dir='ltr'>scriptorum</span> <span class='ocrx_word' id='word_1_259' title='bbox 1176 3440 1262 3510; x_wconf 87' lang='lat' dir='ltr'>ope-</span> 
     </span>
     <span class='ocr_line' id='line_1_37' title="bbox 215 3507 1261 3598; baseline -0.004 -27"><span class='ocrx_word' id='word_1_260' title='bbox 215 3510 313 3571; x_wconf 86' lang='lat' dir='ltr'>ribus</span> <span class='ocrx_word' id='word_1_261' title='bbox 335 3520 489 3586; x_wconf 83' lang='lat' dir='ltr'>servate,</span> <span class='ocrx_word' id='word_1_262' title='bbox 523 3511 622 3576; x_wconf 84' lang='lat' dir='ltr'>nobis</span> <span class='ocrx_word' id='word_1_263' title='bbox 651 3520 856 3598; x_wconf 86' lang='lat' dir='ltr'>supersunt,</span> <span class='ocrx_word' id='word_1_264' title='bbox 893 3508 958 3572; x_wconf 89' lang='lat' dir='ltr'>nisi</span> <span class='ocrx_word' id='word_1_265' title='bbox 988 3507 1103 3592; x_wconf 83' lang='lat' dir='ltr'>magni</span> <span class='ocrx_word' id='word_1_266' title='bbox 1127 3515 1261 3575; x_wconf 87' lang='lat' dir='ltr'>tantum</span> 
     </span>
     <span class='ocr_line' id='line_1_38' title="bbox 215 3593 1261 3683; baseline -0.004 -23"><span class='ocrx_word' id='word_1_267' title='bbox 215 3595 335 3660; x_wconf 87' lang='lat' dir='ltr'>laudes</span> <span class='ocrx_word' id='word_1_268' title='bbox 353 3596 472 3683; x_wconf 77' lang='lat' dir='ltr'>politae</span> <span class='ocrx_word' id='word_1_269' title='bbox 496 3599 586 3683; x_wconf 88' lang='lat' dir='ltr'>apud</span> <span class='ocrx_word' id='word_1_270' title='bbox 612 3597 811 3670; x_wconf 86' lang='lat' dir='ltr'>Platonem,</span> <span class='ocrx_word' id='word_1_271' title='bbox 841 3595 1060 3670; x_wconf 84' lang='lat' dir='ltr'>Ciceronem,</span> <span class='ocrx_word' id='word_1_272' title='bbox 1088 3593 1261 3663; x_wconf 85' lang='lat' dir='ltr'>Velleium</span> 
     </span>
     <span class='ocr_line' id='line_1_39' title="bbox 217 3680 1260 3768; baseline -0.002 -25"><span class='ocrx_word' id='word_1_273' title='bbox 217 3682 459 3759; x_wconf 90' lang='lat' dir='ltr'>Paterculum,</span> <span class='ocrx_word' id='word_1_274' title='bbox 484 3684 755 3763; x_wconf 85' lang='lat' dir='ltr'>Quintilianum,</span> <span class='ocrx_word' id='word_1_275' title='bbox 779 3683 999 3768; x_wconf 81' lang='lat' dir='ltr'>Longinum,</span> <span class='ocrx_word' id='word_1_276' title='bbox 1023 3680 1122 3761; x_wconf 66' lang='lat' dir='ltr'>alios,</span> <span class='ocrx_word' id='word_1_277' title='bbox 1145 3691 1179 3742; x_wconf 87' lang='lat' dir='ltr'>et</span> <span class='ocrx_word' id='word_1_278' title='bbox 1198 3701 1260 3743; x_wconf 85' lang='lat' dir='ltr'>ve-</span> 
     </span>
     <span class='ocr_line' id='line_1_40' title="bbox 218 3766 1261 3858; baseline -0.004 -26"><span class='ocrx_word' id='word_1_279' title='bbox 218 3769 318 3851; x_wconf 69' lang='lat' dir='ltr'>stigia</span> <span class='ocrx_word' id='word_1_280' title='bbox 340 3769 506 3853; x_wconf 90' lang='lat' dir='ltr'>quaedam</span> <span class='ocrx_word' id='word_1_281' title='bbox 536 3772 626 3858; x_wconf 84' lang='lat' dir='ltr'>apud</span> <span class='ocrx_word' id='word_1_282' title='bbox 651 3782 760 3835; x_wconf 85' lang='lat' dir='ltr'>vatem</span> <span class='ocrx_word' id='word_1_283' title='bbox 795 3769 1013 3847; x_wconf 86' lang='lat' dir='ltr'>Romanum,</span> <span class='ocrx_word' id='word_1_284' title='bbox 1045 3771 1103 3851; x_wconf 76' lang='lat' dir='ltr'>qni</span> <span class='ocrx_word' id='word_1_285' title='bbox 1132 3766 1261 3831; x_wconf 74' lang='lat' dir='ltr'>Parios</span> 
     </span>
     <span class='ocr_line' id='line_1_41' title="bbox 214 3854 1333 3951; baseline -0.004 -32"><span class='ocrx_word' id='word_1_286' title='bbox 214 3857 350 3951; x_wconf 81' lang='lat' dir='ltr'>primus</span> <span class='ocrx_word' id='word_1_287' title='bbox 362 3854 506 3921; x_wconf 81' lang='lat' dir='ltr'>lumbos</span> <span class='ocrx_word' id='word_1_288' title='bbox 524 3858 714 3922; x_wconf 81' lang='lat' dir='ltr'>ostendisse</span> <span class='ocrx_word' id='word_1_289' title='bbox 733 3877 768 3919; x_wconf 86' lang='lat' dir='ltr'>se</span> <span class='ocrx_word' id='word_1_290' title='bbox 781 3857 892 3921; x_wconf 81' lang='lat' dir='ltr'>Latio</span> <span class='ocrx_word' id='word_1_291' title='bbox 906 3854 1082 3941; x_wconf 82' lang='lat' dir='ltr'>gloriatur.</span> <span class='ocrx_word' id='word_1_292' title='bbox 1127 3854 1262 3930; x_wconf 88' lang='lat' dir='ltr'>„Sum-</span> <span class='ocrx_word' id='word_1_293' title='bbox 1328 3906 1333 3914; x_wconf 86' lang='lat'><strong>.</strong></span> 
     </span>
     <span class='ocr_line' id='line_1_42' title="bbox 217 3940 1261 4028; baseline -0.008 -24"><span class='ocrx_word' id='word_1_294' title='bbox 217 3961 310 4004; x_wconf 87' lang='lat' dir='ltr'>mom</span> <span class='ocrx_word' id='word_1_295' title='bbox 339 3942 376 4003; x_wconf 92' lang='lat' dir='ltr'>in</span> <span class='ocrx_word' id='word_1_296' title='bbox 398 3964 439 4004; x_wconf 87' lang='lat' dir='ltr'>eo</span> <span class='ocrx_word' id='word_1_297' title='bbox 461 3944 531 4007; x_wconf 88' lang='lat' dir='ltr'>vim</span> <span class='ocrx_word' id='word_1_298' title='bbox 553 3943 776 4020; x_wconf 87' lang='lat' dir='ltr'>elocutionis,</span> <span class='ocrx_word' id='word_1_299' title='bbox 803 3965 907 4028; x_wconf 89' lang='lat' dir='ltr'>quum</span> <span class='ocrx_word' id='word_1_300' title='bbox 930 3940 1055 4015; x_wconf 84' lang='lat' dir='ltr'>validas</span> <span class='ocrx_word' id='word_1_301' title='bbox 1079 3950 1153 4002; x_wconf 89' lang='lat' dir='ltr'>tum</span> <span class='ocrx_word' id='word_1_302' title='bbox 1183 3940 1261 4000; x_wconf 88' lang='lat' dir='ltr'>bre-.</span> 
     </span>
    </p>
   </div>
   <div class='ocr_carea' id='block_1_3' title="bbox 215 4028 1263 4125">
    <p class='ocr_par' dir='ltr' id='par_1_4' title="bbox 215 4028 1263 4125">
     <span class='ocr_line' id='line_1_43' title="bbox 215 4028 1263 4125; baseline -0.007 -30"><span class='ocrx_word' id='word_1_303' title='bbox 215 4049 279 4095; x_wconf 74' lang='lat' dir='ltr'>ves</span> <span class='ocrx_word' id='word_1_304' title='bbox 303 4028 540 4125; x_wconf 78' lang='lat' dir='ltr'>vibrantesque</span> <span class='ocrx_word' id='word_1_305' title='bbox 566 4031 770 4111; x_wconf 82' lang='lat' dir='ltr'>sententias,</span> <span class='ocrx_word' id='word_1_306' title='bbox 791 4030 985 4121; x_wconf 86' lang='lat' dir='ltr'>plurimum</span> <span class='ocrx_word' id='word_1_307' title='bbox 1010 4028 1185 4114; x_wconf 78' lang='lat' dir='ltr'>sauguinis</span> <span class='ocrx_word' id='word_1_308' title='bbox 1208 4034 1263 4089; x_wconf 82' lang='lat' dir='ltr'>ot·</span> 
     </span>
    </p>
   </div>
   <div class='ocr_carea' id='block_1_4' title="bbox 0 0 1476 4875">
    <p class='ocr_par' dir='ltr' id='par_1_5' title="bbox 0 0 1476 4875">
     <span class='ocr_line' id='line_1_44' title="bbox 0 0 1476 4875; baseline 0 5"><span class='ocrx_word' id='word_1_309' title='bbox 0 0 1476 4875; x_wconf 95' lang='lat' dir='ltr'> </span> 
     </span>
    </p>
   </div>
  </div>
 </body>
</html>
